2444 4134
123 132 185 179 122
341 112 495 199 Rr'valry
519 113 567 196 of
579 108 679 196 Asax
702 108 776 173 arrd
803 105 953 194 Ulysses.
1029 119 1167 194 [Murus.

120 333 201 376 nam
219 310 303 374 mihi
320 309 464 375 Laertes
482 320 578 394 pater
594 318 658 381 est,
676 304 840 372 Arcesius
857 303 921 379 illi,

116 418 274 504 Juppiter
303 417 383 481 huic
394 438 404 490 ;
441 437 552 502 neque
581 414 615 478 in
644 413 697 497 his
725 413 905 499 quisquam
932 409 1119 475 damnatus
1142 421 1168 473 et
1204 423 1206 428 ’

255 525 366 589 exsul.
1128 545 1167 600 145

120 643 170 696 est
185 654 323 718 quoque
342 653 403 717 per
421 642 564 694 matrem
582 627 763 716 Cyllenius
780 625 896 691 addita
912 612 1014 690 nobis

119 741 225 804 altera
242 740 421 804 nobilitas:
447 740 533 803 deus
549 749 600 802 est
616 737 650 800 in
668 749 810 822 utroque
827 745 981 820 parente.

166 857 174 886 ‘
191 845 262 910 Sed
279 868 391 932 neque
409 858 564 909 materno
580 843 672 931 quod
689 865 765 908 sum
783 839 984 929 generosior
999 849 1091 914 ortu,

118 974 183 1017 nec
200 952 282 1016 mihi
299 954 391 1039 quod
409 966 504 1038 pater
521 963 572 1016 est
589 949 726 1015 fraterni
745 947 924 1035 sanguinis
940 946 1076 1022 insonS,

119 1060 291 1144 proposita
308 1081 403 1124 arma
420 1070 520 1145 peto:
547 1058 674 1122 meritis
691 1054 874 1141 expendite
891 1073 1048 1118 causam.
1072 1113 1074 1118 .
1126 1080 1169 1138 150

119 1167 305 1231 dummodo
321 1167 413 1252 quod
430 1167 551 1230 fratres
567 1147 739 1229 Telamon
756 1161 949 1247 Peleusque
966 1159 1107 1225 suerunt

118 1272 237 1360 Ajacis
256 1274 413 1337 meritum
431 1294 499 1337 non
517 1273 571 1347 sit,
590 1293 656 1336 nec
672 1269 852 1358 sanguinis
868 1267 967 1344 ordo,

119 1381 180 1444 sed
197 1379 328 1444 virtutis
346 1380 455 1444 honor
471 1380 589 1464 spoliis
606 1391 791 1465 quaeratur
806 1377 841 1440 in
858 1376 942 1441 istis.

119 1497 176 1550 aut
189 1485 269 1551 —si
287 1486 488 1571 proximitas
506 1486 705 1572 primusque
722 1483 903 1571 requiritur
919 1484 1076 1548 heres-

118 1604 169 1657 est
185 1594 320 1680 genitor
338 1592 474 1667 Peleus,
492 1604 544 1658 est
560 1591 715 1680 Pyrrhus
732 1593 822 1656 filius
839 1591 899 1655 illi.
1126 1618 1169 1677 ¹55

118 1701 193 1785 quis
211 1700 305 1764 locus
322 1698 445 1789 Ajaci?
470 1698 631 1765 Phthiam
650 1701 736 1764 haec
751 1698 932 1786 ,Scyronve
949 1699 1116 1763 serantur.

118 1827 183 1870 nec
199 1807 312 1871 minus
329 1819 380 1870 est
395 1807 459 1870 isto
476 1807 613 1871 Teucer
630 1807 792 1892 patruelis
809 1804 961 1870 Achilli:

118 1935 201 1977 num
218 1913 300 1998 petit
316 1914 373 1977 ille
390 1912 525 1978 tamen?
541 1914 671 1992 num,si
684 1926 788 1998 petat,
808 1912 938 1977 auferat
955 1911 1038 1977 illa?

118 2041 202 2106 ergo
218 2041 360 2104 operum
378 2020 539 2106 qnoniam
557 2022 687 2085 nudum
708 2034 879 2084 certamen
899 2020 1057 2094 habetur,

93 2159 96 2164 ·
118 2129 216 2212 plura
233 2127 371 2212 quidem
389 2127 453 2190 feci
470 2148 573 2212 quam
591 2148 679 2212 quae
696 2125 943 2211 comprendere
957 2125 1061 2191 dictis
1124 2141 1172 2195 160

117 2234 152 2298 in
170 2245 327 2319 promptu
347 2233 428 2296 mihi
447 2235 509 2304 sit3
536 2254 648 2296 rerum
667 2246 780 2296 tamen
799 2234 918 2297 ordine
935 2233 1057 2297 ducar.

166 2339 351 2407 ‘Praescia
370 2340 501 2403 venturi
520 2339 668 2426 genitrix
685 2339 812 2403 Nereia
832 2340 888 2404 leti

118 2447 308 2511 dissimulat
326 2448 417 2510 cultu
435 2459 574 2510 natum:
601 2448 932 2531 deceperatomnes,

116 2554 150 2617 in
168 2554 290 2639 quibus
307 2552 467 2640 Ajacem,
488 2565 642 2637 sumptae
660 2553 797 2617 l'allacia
816 2555 929 2618 vestis.

119 2681 214 2724 arma
231 2681 298 2746 ego
316 2660 485 2735 femineis,
505 2659 658 2723 animum
678 2673 808 2725 motura
826 2661 972 2736 virilem,
1123 2678 1172 2748 ¹⁶5

119 2766 288 2830 mercibus
307 2765 446 2830 inserui.
496 2765 621 2852 Neque
640 2769 753 2832 adhuc
771 2768 962 2856 projecerat
979 2768 1081 2833 heros

116 2873 290 2959 virgineos
308 2873 456 2937 habitus.
476 2894 554 2936 cum
572 2895 725 2958 parmam
747 2878 947 2960 hastamque
964 2874 1091 2940 tenenti

116 2977 216 3044 Nata
234 2979 299 3042 dea
319 2979 428 3064 (dixi)
448 2981 515 3043 tibi
527 3002 562 3044 se
573 2983 741 3066 peritura
759 2990 940 3045 reservant

116 3084 307 3170 Pergama.
357 3084 458 3169 ,Quiri
472 3088 609 3153 dubitas
627 3091 799 3175 zizgcntcm
816 3100 970 3154 evertere
994 3088 1029 3154 T
1023 3091 1137 3176 rojam
1152 3091 1173 3155 ,ἲ

115 3191 285 3278 injecique
303 3213 455 3266 manum,
477 3194 666 3281 fortemque
685 3194 728 3258 ad
745 3195 844 3260 sortia
861 3196 950 3262 misi.
1123 3227 1172 3278 170

116 3319 201 3383 ergo
218 3317 323 3382 opera
340 3298 430 3364 illius
449 3323 525 3365 mea
543 3314 631 3366 sunt.
679 3301 756 3389 Ego
772 3302 952 3388 Telephon
972 3304 1069 3367 hasta

116 3415 328 3490 pugnantem
347 3407 484 3481 domui;
511 3409 637 3473 victum
654 3421 875 3495 orantemque
893 3409 1009 3473 refeci.

116 3511 207 3597 quod
217 3510 363 3576 Thebae
379 3513 546 3588 cecidere,
563 3535 677 3577 meum
692 3526 753 3577 est.
800 3515 861 3578 Me
875 3516 1001 3579 credite
1016 3514 1168 3590 Lesbon,

108 3639 169 3680 me
187 3616 366 3695 Tenedon,
388 3617 633 3709 Chrysenque,
652 3631 685 3684 et
700 3619 831 3694 Cillan,
851 3619 1021 3704 Apollinis
1035 3623 1153 3694 urbes,

83 3730 124 3782 et
135 3721 280 3811 Scyron
301 3727 457 3817 cepisse.
510 3729 600 3800 Mea
621 3747 801 3795 concussa
817 3735 938 3810 putate
1141 3749 1200 3816 ur,

49 3832 308 3904 procubuisse
323 3841 407 3910 solo
425 3840 625 3935 Lyrnesia
646 3835 798 3916 moenia
816 3832 959 3906 dextra.
