2444 4134
99 149 134 201 v.
151 148 230 219 6oo.]
411 129 483 195 The
513 129 548 194 Τ
542 131 598 193 ale
622 132 669 213 of
682 127 872 194 Arethusa.
1112 145 1154 214 57

99 348 179 390 curn
197 337 306 390 matre
324 336 375 390 est
390 325 542 400 totidem,
561 327 700 390 totidem
717 346 794 389 cum
813 324 960 413 conjuge
977 348 1123 391 menses.

98 432 241 495 vertitur
258 432 432 516 extemplo
449 432 554 495 facies
572 445 604 495 et
621 432 743 495 mentis
760 443 793 494 et
809 432 897 494 oris:

98 559 180 601 narn
200 541 303 602 modo
319 558 409 622 quae
426 550 557 622 poterat
573 537 642 602 Diti
660 558 795 623 quoque
815 550 942 602 maesta
958 538 1080 613 videri,

99 645 190 708 laeta
208 645 295 708 deae
312 645 407 708 srons
423 656 493 718 est3
519 656 555 707 ut
571 645 635 717 sol,
654 645 711 730 qui
729 656 837 707 tectus
854 644 992 729 aquosis
1102 676 1153 730 570

98 752 248 815 nubibus
266 761 344 814 ante
361 751 435 824 suit,
453 751 550 814 victis
567 772 586 814 e
605 751 750 814 nubibus
767 751 848 813 exit.

143 857 265 943 Exigit
281 858 372 920 alma
390 855 511 931 Ceres,
529 870 608 921 nata
626 877 747 920 secura
765 867 916 941 recepta,
935 845 939 853 ¹

98 985 187 1050 quae
204 963 264 1027 tibi
282 983 388 1027 causa
404 963 521 1050 fugae,
540 963 677 1037 cursis,
695 961 883 1037 Arethusa,
901 983 1000 1028 sacer
1016 961 1115 1029 sons?

98 1071 294 1135 conticuere
311 1070 425 1133 undae
439 1092 447 1131 z
472 1089 617 1155 quarum
636 1070 702 1133 dea
718 1070 852 1133 sustulit
868 1070 937 1134 alto

98 1178 190 1241 sonte
208 1188 324 1261 caput,
343 1176 537 1261 viridesque
555 1197 659 1239 manu
676 1176 804 1240 siccata
821 1177 964 1260 capillos
1100 1206 1151 1263 575

98 1283 249 1346 fluminis
267 1282 344 1346 Elei
360 1295 491 1346 veteres
509 1284 659 1346 narravit
675 1304 831 1348 amores:

100 1388 209 1454 ‘Pars
225 1411 293 1475 ego
309 1390 555 1475 nympharum,
573 1410 661 1475 quae
677 1401 757 1454 sunt
772 1389 807 1453 in
823 1389 1009 1467 Achaide,’
1027 1390 1125 1459 dixit.

99 1509 190 1561 ‘una
209 1497 277 1570 sui3
304 1517 368 1560 nec
386 1515 440 1560 me
455 1496 639 1561 studiosius
657 1497 763 1562 altera
780 1498 886 1563 saltus

97 1605 194 1691 legit,
213 1624 277 1667 nec
295 1604 407 1688 posuit
423 1603 606 1668 studiosius
622 1603 728 1668 altera
744 1624 871 1669 casses.

96 1712 157 1776 sed
174 1710 333 1796 quamvis
350 1709 478 1773 formae
495 1730 683 1796 numquam
701 1711 783 1774 mihi
800 1711 893 1776 sama
910 1711 1013 1796 petita
1030 1724 1093 1789 est,

96 1817 256 1902 quamvis
272 1815 366 1881 l‘ortis
383 1837 490 1892 eram,
510 1817 679 1881 formosae
696 1839 820 1883 nomen
838 1819 1023 1884 habebam.

96 1945 161 1989 nec
179 1944 255 1987 mea
273 1944 328 1986 me
346 1922 451 1986 facies
468 1923 610 2006 nimium
628 1925 766 1988 laudata
779 1924 942 2012 juvabat:

95 2054 233 2118 quaque
250 2031 340 2094 aliae
357 2031 509 2116 gaudere
525 2032 647 2106 solent,
666 2053 733 2117 ego
749 2032 874 2096 rustica
891 2033 969 2098 dote

95 2139 249 2223 corporis
265 2137 399 2213 erubui,
419 2138 615 2224 crimenque
632 2139 769 2223 placere
787 2140 915 2223 putavi.

141 2246 276 2312 ‘Lassa
296 2245 502 2320 revertebar,
522 2245 675 2320 memini,
695 2244 936 2331 Stymphalide
953 2247 1061 2312 silva:
1097 2269 1147 2338 535

93 2371 209 2421 aestus
227 2369 311 2432 erat,
332 2375 565 2443 magnumque
582 2354 679 2418 labor
696 2354 932 2440 geminaverat
949 2370 1092 2420 aestum.

92 2463 233 2528 invenio
250 2464 323 2528 sine
339 2464 465 2528 vertice
483 2482 603 2548 aquas,
627 2460 700 2525 sine
718 2482 890 2525 murmure
907 2475 1039 2536 euntes,

93 2571 295 2655 perspicuas
312 2572 355 2636 ad
373 2573 528 2646 humum,
548 2593 609 2656 per
624 2593 710 2657 quas
728 2570 949 2637 numerabilis
966 2572 1032 2636 alte

93 2678 248 2742 calculus
265 2679 375 2744 omnis
388 2691 472 2753 erat,
489 2700 576 2766 quas
593 2691 628 2744 tu
645 2679 703 2742 vix
718 2679 767 2743 ire
785 2691 933 2762 putares.

93 2807 181 2848 cana
199 2787 317 2850 salicta
334 2787 461 2851 dabant
477 2786 668 2873 nutritaque
684 2787 831 2872 populus
848 2787 940 2850 unda
1095 2820 1144 2872 590

93 2905 215 2976 sponte
232 2915 294 2957 sua
310 2905 409 2960 natas
427 2895 508 2979 ripis
526 2895 714 2959 declivibus
731 2894 878 2958 umbras.

93 3000 238 3073 accessi,
257 3002 473 3088 primumque
491 3002 587 3086 pedis
604 3000 747 3088 vestigia
764 3001 862 3074 tinxi,

92 3107 221 3190 poplite
239 3108 362 3174 deinde
379 3120 497 3183 tenus3
522 3133 633 3197 neque
656 3130 696 3173 eo
713 3121 883 3181 contenta,
903 3108 1072 3196 recingor,

93 3216 279 3303 molliaque
296 3219 435 3303 impono
452 3218 547 3282 salici
566 3217 738 3282 velamina
757 3238 896 3291 curvae,

92 3322 255 3410 nudaque
272 3347 410 3410 mergor
427 3324 544 3410 aquis3
570 3345 655 3410 quas
673 3325 752 3388 dum
772 3324 923 3409 serioque
939 3324 1105 3411 trahoque

94 3429 187 3494 mille
205 3431 314 3496 modis
330 3431 462 3505 labens,
482 3452 694 3516 excussaque
712 3424 873 3495 bracchia
886 3429 991 3517 jact0,

92 3536 318 3622 nescioquod
336 3538 448 3602 medio
465 3537 555 3602 sensi
573 3537 636 3601 suh
652 3538 789 3622 gurgite
807 3558 972 3611 murmur,

91 3643 272 3724 territaque
284 3643 404 3706 insisto
416 3643 590 3728 propioris
610 3645 773 3739 margine
788 3644 902 3736 ripae.

67 3739 351 3821 -QWW‘WW,
371 3747 594 3822 Arerlmsa?
611 3758 689 3827 suis
708 3759 879 3854 Alpheus
897 3760 945 3829 ah
959 3755 1088 3833 undis,

48 3834 360 3920 garamas?
370 3851 503 3926 iterum
525 3887 644 3940 rauco
667 3875 764 3947 mihi
783 3878 942 3948 dixerat
954 3895 1036 3945 ore.
1152 3878 1209 3934 tm
