2444 4134
96 146 160 233 178
468 151 618 218 Skorter
640 152 775 220 Poems.
1010 168 1158 241 [Tarsus

93 344 229 432 Perque
249 366 357 411 novos
375 359 495 432 pontes
512 349 628 414 subter
644 350 838 414 labentibus
853 347 956 414 undis

141 452 281 516 Ducunt
299 449 482 517 Sarmatici
500 454 646 518 barbara
664 457 816 541 plaustra
834 457 951 519 boves.

93 557 164 623 Vix
181 560 340 646 equidem
362 560 505 623 credar:
530 561 591 624 sed
609 582 686 625 cum
705 562 772 626 sint
788 561 942 646 praemia
959 559 1039 625 falsi
1122 592 1155 648 35

140 666 259 741 Nulla,
278 679 387 730 ratam
407 666 508 730 debet
525 667 617 731 testis
635 668 762 732 habere
779 669 895 731 fidem.

96 771 254 838 Vidimus
272 774 445 860 ingentem
466 773 580 859 glacie
598 775 783 838 consistere
801 785 955 859 pontum,

140 878 358 966 Lubricaque
376 880 523 944 inmotas
541 891 626 943 testa
645 880 822 964 premebat
837 901 958 966 aquas.

94 985 130 1051 N
133 1008 172 1052 ec
188 987 314 1052 vidisse
331 999 383 1052 sat
399 1000 469 1052 est:
495 986 619 1050 durum
637 987 849 1052 calcavimus
867 1006 1007 1072 aequor,

140 1094 311 1180 Undaque
329 1117 396 1159 non
412 1095 481 1158 udo
498 1095 562 1157 sub
580 1092 667 1177 pede
684 1114 818 1156 summa
837 1093 910 1156 suit.

94 1199 132 1265 Si
150 1202 209 1265 tibi
226 1203 292 1265 tale
310 1201 430 1265 fretum
448 1202 635 1287 quondam,
655 1198 829 1274 Leandre‚
849 1199 980 1274 suisset,

139 1306 220 1372 Non
239 1308 323 1372 soret
340 1320 507 1394 angustae
526 1329 615 1371 mors
631 1318 690 1370 tua
708 1307 838 1370 crimen
855 1327 979 1392 aquae.

94 1412 186 1476 Tum
205 1434 316 1500 neque
333 1435 370 1478 se
387 1415 491 1500 pandi
509 1425 650 1498 possunt
667 1413 849 1497 delphines
866 1412 901 1476 in
919 1432 1022 1477 auras

138 1520 298 1584 Tollere:
323 1532 486 1586 conantes
503 1522 587 1585 dura
606 1525 741 1585 co'e'rcet
759 1520 881 1584 hiems.

94 1625 137 1690 Et
153 1627 309 1712 quamvis
328 1625 456 1691 Boreas
470 1627 604 1714 jactatis
622 1627 755 1691 insonet
772 1628 849 1702 alis,

139 1732 280 1797 Fluctus
309 1731 344 1796 in
371 1733 511 1798 obsesso
529 1734 664 1820 gurgite
681 1735 797 1798 nullus
815 1733 898 1808 erit3

93 1838 318 1926 Inclusaeque
335 1842 416 1928 gelu
434 1843 582 1915 stabunt,
601 1853 637 1905 ut
656 1862 836 1916 marmore,
857 1863 1006 1928 puppes,

139 1945 215 2010 Nec
233 1947 352 2030 poterit
371 1947 500 2033 rigidas
518 1948 647 2011 findere
665 1970 780 2013 remus
799 1970 919 2035 aquas.

94 2051 252 2116 Vidimus
270 2053 303 2116 in
322 2055 433 2140 glacie
449 2054 560 2137 pisces
578 2055 720 2118 haerere
738 2055 876 2142 ligatos,

140 2158 209 2224 Sed
228 2181 306 2244 pars
324 2183 367 2224 ex
385 2161 450 2224 illis
467 2174 548 2224 tunc
565 2183 700 2248 quoque
716 2163 795 2226 viva
812 2163 882 2228 suit.

94 2265 175 2331 Sive
192 2267 295 2353 igitur
311 2267 405 2330 nimii
423 2264 556 2331 Boreae
573 2268 624 2330 vis
641 2289 746 2332 saeva
763 2270 926 2347 marinas,

139 2372 221 2438 Sive
239 2374 446 2438 redundatas
463 2373 604 2438 flumine
621 2377 714 2463 cogit
731 2397 851 2462 aquas

92 2479 263 2553 Protinus,
283 2493 427 2567 aequato
445 2481 545 2545 siccis
563 2482 779 2567 aquilonibus
798 2484 928 2562 Histro,

138 2587 314 2651 Invehitur
331 2588 433 2651 celeri
450 2589 618 2653 barbarus
636 2591 742 2654 hostis
759 2613 868 2676 equo:

94 2695 211 2758 Hostis
228 2716 315 2780 equo
332 2695 465 2778 pollens
483 2697 655 2782 longeque
672 2699 809 2762 volante
824 2699 949 2786 sagitta

136 2799 296 2865 Vicinam
315 2803 381 2865 late
399 2803 628 2886 depopulatur
645 2805 799 2867 humum.

92 2908 288 2995 Diffugiunt
304 2908 375 2982 alii,
394 2910 565 2995 nullisque
581 2911 753 2976 tuentibus
771 2932 874 3000 agros

137 3015 367 3080 Incustoditae
384 3017 590 3102 diripiuntur
606 3039 710 3102 opes3

92 3122 197 3186 Ruris
213 3145 297 3208 opes
314 3144 454 3208 parvae,
474 3146 580 3208 pecus
597 3136 629 3189 et
645 3126 821 3190 stridentia
837 3127 1003 3212 plaustra,

137 3229 180 3294 Et
197 3252 282 3316 quas
300 3231 435 3295 divitias
453 3231 565 3295 incola
582 3253 713 3317 pauper
730 3234 843 3297 habet.
1113 3256 1150 3310 60

92 3335 177 3400 Pars
196 3337 308 3423 agitur
324 3337 446 3400 vinctis
463 3348 540 3421 post
554 3349 689 3424 tergum
707 3351 807 3423 capta
825 3341 975 3417 lacertis,

138 3443 342 3527 Respiciens
359 3443 483 3507 frustra
499 3465 577 3508 rura
595 3445 770 3531 laremque
788 3468 908 3522 suum3

92 3548 178 3614 Pars
196 3551 285 3614 cadit
302 3550 448 3613 hamatis
466 3550 589 3614 misere
607 3553 743 3616 confixa
760 3553 912 3640 sagittis3

137 3656 229 3721 Nam
248 3657 378 3721 volucri
396 3657 485 3720 serro
503 3657 631 3722 tinctile
647 3658 740 3724 virus
758 3659 856 3724 inest.

93 3761 195 3845 Quae
209 3775 386 3851 nequeunt
402 3785 519 3828 secum
536 3764 625 3828 ferre
643 3777 701 3829 aut
717 3767 901 3843 abducere,
920 3770 1079 3854 perdunt,
1111 3792 1144 3860 65

112 3866 164 3934 Et
178 3884 318 3940 cremat
332 3873 493 3941 insontes
510 3872 810 3975 hosticaxllamma
825 3894 940 3937 casus.
