2444 4134
93 129 114 190 8
268 145 291 190 1.
330 123 400 190 The
429 125 593 191 Creatz'on
618 128 691 190 and
712 127 768 190 tlte
791 125 915 192 Flood.
1005 147 1145 218 [Mum

94 323 166 388 sive
184 342 304 388 recens
320 322 646 410 tellus,seductaque
663 345 772 408 nuper
789 325 832 389 ab
849 327 918 390 alto
1116 346 1149 399 80

95 429 389 516 aethere,c0gnati
407 430 573 495 retinebat
589 433 720 495 semina
738 432 838 495 caeli.

93 559 197 624 quam
215 549 308 602 satus
328 535 459 621 Iapet0‚
479 536 622 601 mixtam
639 537 834 602 fluvialibus
851 539 966 617 undis,

93 645 192 709 finxit
208 645 242 708 in
260 643 412 730 effigiem
430 643 666 708 moderantum
685 657 808 709 cuncta
825 646 979 710 deorum.

94 773 270 839 pronaque
288 773 365 816 cum
384 761 538 835 spectent
554 751 717 814 animalia
734 762 846 815 cetera
863 764 1001 828 terram,

80 881 132 943 os
149 858 278 923 bomini
296 858 442 923 sublime
460 857 565 932 dedit,
585 859 787 944 caelumque
804 859 890 922 tueri
1118 879 1152 940 85

91 965 202 1054 jussit,
221 978 255 1030 et
270 978 400 1031 erectos
419 965 462 1031 ad
481 965 594 1030 sidera
610 965 728 1028 tollere
745 965 871 1029 vultus.

94 1072 157 1147 sic,
176 1073 277 1138 modo
293 1093 382 1159 quae
400 1073 510 1137 fuerat
527 1072 621 1137 rudis
638 1083 671 1135 et
687 1071 760 1136 sine
779 1071 944 1159 imagine,
963 1075 1065 1141 tellus

95 1179 206 1244 induit
220 1180 357 1267 ignotas
375 1180 553 1245 hominum
571 1199 737 1244 conversa
756 1179 897 1264 figuras.

140 1286 277 1351 Anaua
293 1289 403 1372 prima
420 1299 493 1352 sata
510 1299 561 1352 est
578 1299 684 1361 aetas,
704 1307 793 1372 quae
811 1287 946 1351 vindice
963 1289 1071 1365 nullo,

95 1404 215 1477 sponte
232 1415 307 1468 sua,
326 1393 400 1458 sine
417 1395 495 1481 lege
512 1395 615 1458 fidem
632 1405 830 1478 rectumque
848 1394 993 1458 colebat.
1116 1428 1153 1482 90

95 1521 207 1584 poena
224 1515 400 1585 metusque
418 1501 571 1575 aberant,
591 1521 655 1564 nec
672 1500 775 1564 verba
793 1501 939 1564 minacia
957 1502 1027 1566 fixo

97 1627 175 1670 aere
192 1608 408 1693 legebantur,
428 1628 492 1671 nec
509 1608 654 1693 supplex
671 1610 770 1671 turba
787 1609 926 1671 timebat

92 1712 217 1801 judicis
233 1734 293 1778 ora
310 1713 375 1788 sui,
394 1714 455 1778 sed
472 1726 568 1778 erant
584 1714 656 1778 sine
669 1714 785 1802 judice
803 1715 875 1778 tuti.

96 1822 248 1885 nondum
266 1841 366 1885 caesa
384 1821 467 1894 suis,
486 1821 705 1908 peregrinum
725 1836 759 1885 ut
775 1821 899 1886 viseret
915 1821 1046 1897 orbem,

97 1927 267 1991 montibus
284 1927 319 1991 in
336 1927 483 2012 liquidas
500 1928 600 2012 pinus
617 1929 841 1994 descenderat
858 1930 983 2005 undaS,
1116 1961 1152 2018 95

97 2034 259 2119 nullaque
277 2035 435 2098 mortales
453 2047 587 2119 praeter
603 2056 666 2099 sua
682 2037 780 2100 litora
797 2049 931 2101 norant.

97 2141 248 2205 nondum
266 2141 470 2226 praecipites
488 2142 674 2228 cingebant
690 2143 816 2228 oppida
834 2144 967 2209 fossae:

97 2270 165 2312 non
181 2248 262 2312 tuba
279 2248 411 2323 directi,
431 2270 498 2313 non
516 2250 604 2314 aeris
621 2271 749 2315 cornua
766 2250 860 2326 flexi,

97 2377 164 2420 non
183 2356 319 2442 galeae,
338 2357 514 2420 nonensis
532 2368 648 2427 erant;
675 2357 748 2421 sine
767 2359 881 2424 militis
898 2382 962 2426 usu

97 2462 214 2526 mollia
231 2482 371 2526 securae
389 2463 601 2548 peragebant
616 2463 683 2527 otia
701 2477 833 2551 gentes.
1100 2499 1152 2542 100

97 2568 172 2653 ipsa
188 2589 323 2654 quoque
340 2568 500 2632 immunis
517 2579 691 2655 rastroque
709 2571 848 2649 intacta,
867 2595 932 2639 nec
948 2574 1026 2640 ullis

97 2674 213 2739 saucia
230 2674 438 2748 vomeribus,
457 2696 518 2759 per
534 2697 571 2739 se
588 2677 690 2741 dabat
706 2680 821 2744 omnia
838 2682 958 2746 tellus:

97 2781 313 2866 contentique
331 2780 415 2846 cibis
432 2782 526 2846 nullo
543 2796 689 2870 cogente
706 2788 841 2863 creatiS,

96 2889 254 2953 arbuteos
271 2888 358 2952 setus
375 2899 604 2976 montanaque
621 2891 720 2980 fraga
737 2895 911 2982 legebant,

97 3016 268 3081 cornaque
286 3006 318 3059 et
334 2994 369 3058 in
386 2995 479 3061 duris
497 2997 671 3063 haerentia
690 3023 786 3065 mora
803 3002 941 3078 rubetis,
1099 3033 1150 3089 105

96 3113 128 3166 et
144 3122 232 3187 quae
250 3101 447 3166 deciderant
463 3105 580 3188 patula
592 3105 688 3191 Jovis
705 3108 825 3172 arbore
842 3109 1000 3195 glandes.

95 3231 155 3273 ver
172 3220 244 3273 erat
261 3220 451 3285 aeternum,
470 3212 665 3299 placidique
682 3215 871 3298 tepentibus
889 3215 980 3279 auris

97 3316 292 3379 mulcebant
308 3317 450 3403 zephyri
468 3331 565 3382 natos
582 3319 656 3383 sine
673 3320 802 3384 semine
820 3320 932 3386 fiores.

95 3443 176 3488 mox
194 3422 295 3486 etiam
313 3422 430 3511 fruges
447 3425 547 3489 tellus
564 3425 695 3489 inarata
713 3426 855 3498 ferebat,

90 3526 160 3592 ¹nec
176 3541 358 3594 renovatus
376 3553 461 3619 ager
477 3531 629 3617 gravidis
647 3534 791 3597 canebat
808 3535 938 3599 aristis:
1101 3566 1149 3606 110

50 3722 58 3726 μ
87 3636 320 3730 duminajam
335 3639 448 3712 lactiS,
460 3639 536 3726 jam
553 3637 697 3703 flumina
715 3641 860 3706 nectaris
877 3642 985 3717 ibant,
1008 3647 1010 3651 ’
1031 3646 1034 3684 ῑ

44 3732 227 3816 flavaque
243 3743 291 3804 de
310 3743 415 3808 viridi
429 3746 614 3814 stillabant
631 3748 713 3816 ilice
731 3751 855 3816 mella.

76 3830 281 3918 POSquHm
300 3847 468 3920 Saturno
490 3860 694 3928 tenebrosa
710 3862 750 3926 in
768 3858 932 3926 Tartara
949 3854 1061 3916 misso
