2444 4134
102 145 140 199 ν.
155 142 231 216 ³9⁶]
335 126 549 215 Proserpina
572 128 601 191 r's
623 126 731 191 stolen
755 127 798 212 by
820 125 938 191 Pluto.
1113 142 1152 213 51

102 323 319 411 depositique
337 337 459 400 metus,
477 324 570 390 videt
586 325 679 388 huuc
695 323 847 410 Erycina
864 334 1050 410 vagantem

102 444 219 496 monte
236 453 299 496 suo
315 432 480 506 residens,
499 443 684 516 natumque
702 432 862 515 amplexa
880 431 1052 496 volucrem

104 536 239 600 ‘Arma
258 559 448 623 manusque
467 558 576 611 meae,
595 557 686 611 mea,
705 548 796 609 nate,
816 537 989 620 potentia,’
1005 537 1090 601 dixit

104 644 200 718 ‘illa·,
218 644 343 730 quibus
360 665 501 728 superas
518 665 651 715 omnes,
670 664 755 727 cape
772 644 852 715 tela,
872 642 1021 727 Cupid0‚

103 746 206 833 inque
224 747 279 810 dei
298 734 414 830 pectu's
432 747 559 810 celeres
578 746 695 809 molire
713 746 868 831 sagittas,
1044 730 1048 739 ¹

103 854 157 916 cui
175 852 319 937 triplicis
335 853 437 916 cessit
453 853 586 917 fortuna
604 851 788 915 novissima
805 850 916 937 regni.

101 972 137 1022 tu
155 980 299 1044 superos
316 960 495 1045 ipsumque
508 959 645 1045 J0vem,
663 970 697 1021 tu
715 958 855 1021 numina
873 957 966 1042 ponti

101 1065 192 1129 victa
210 1066 343 1139 domas,
363 1066 544 1152 ipsumque
561 1064 647 1151 regit
663 1065 721 1150 qui
739 1064 879 1128 numina
897 1064 1002 1148 ponti.
1104 1097 1155 1150 370

101 1171 250 1236 Tartara
267 1173 350 1258 quid
367 1170 524 1237 cessant?
548 1192 609 1235 cur
626 1192 693 1234 non
713 1170 896 1256 matrisque
912 1184 1076 1258 tuumque

101 1279 285 1364 imperium
304 1277 456 1364 profers?
480 1278 593 1365 agitur
609 1298 689 1362 pars
705 1277 802 1340 tertia
820 1277 948 1340 mundi.

102 1397 135 1449 et
150 1398 266 1449 tamen
285 1386 319 1448 in
338 1386 447 1460 caelo,
466 1384 639 1472 quaejam
658 1383 820 1469 patientia
838 1395 952 1446 nostra
969 1396 1032 1458 est,

102 1493 310 1577 spernimur,
330 1513 370 1556 ac
387 1513 522 1556 mecum
540 1492 629 1555 vires
647 1490 844 1553 minuuntur
859 1488 1011 1555 Amoris.

102 1598 247 1662 Pallada
266 1620 379 1663 nonne
397 1600 492 1663 vides
505 1597 810 1685 iaculatricemque
829 1596 979 1660 Dianam
1103 1627 1153 1682 375

102 1705 310 1769 abscessisse
329 1703 434 1768 mihi?
458 1704 594 1769 Cereris
611 1725 745 1789 quoque
763 1704 832 1767 filia
849 1705 960 1790 virgo,

101 1813 128 1876 si
147 1813 329 1896 patiemur,
349 1813 431 1885 erit;
457 1832 536 1880 nam
555 1833 633 1896 spes
652 1811 799 1874 adfectat
816 1811 968 1874 easdem.

102 1932 135 1982 at
151 1931 200 1991 tu,
220 1941 281 2003 pro
299 1919 391 1983 socio
411 1919 527 2004 (siqua
545 1929 595 1982 est
612 1938 653 1981 ea
671 1919 798 2002 gratia)
820 1939 941 2004 regn0‚
1048 1947 1050 1952 ¹

98 2027 207 2112 junge
223 2026 325 2090 deam
344 2025 488 2110 patruo!
536 2024 632 2088 Dixit
647 2023 786 2096 Venus3
812 2025 868 2088 ille
886 2025 1080 2108 pharetram

100 2134 214 2207 solvit,
225 2143 272 2210 et,
282 2133 420 2197 arbitrio
438 2132 567 2205 matris,
586 2132 628 2194 de
648 2132 739 2194 mille
757 2132 887 2217 sagittis
1101 2150 1153 2214 380

100 2260 205 2302 unam
224 2238 388 2322 seposuit,
407 2240 468 2303 sed
485 2259 553 2323 qua
572 2258 635 2301 nec
652 2237 782 2302 acutior
799 2239 881 2312 ulla,

100 2367 165 2410 nec
184 2346 297 2411 minus
313 2345 442 2409 incerta
461 2357 523 2418 est,
543 2365 608 2408 uec
624 2366 713 2430 quae
730 2345 843 2431 magis
860 2344 977 2409 audiat
992 2366 1105 2408 arcus.

99 2452 325 2538 oppositoque
342 2473 435 2538 genu
453 2452 607 2515 curvavit
622 2451 736 2514 flexile
755 2472 882 2515 cornu:

99 2559 204 2645 inque
221 2580 280 2623 cor
297 2560 434 2624 hamata
453 2559 619 2644 percussit
636 2560 801 2624 arundine
819 2559 946 2623 Ditem.

149 2668 253 2732 Haud
270 2669 388 2751 procul
409 2666 586 2732 Hennaeis
605 2667 700 2731 lacus
717 2679 768 2731 est
785 2688 804 2729 a
823 2667 1001 2730 moenibus
1017 2666 1119 2741 altae,

99 2777 239 2841 nomine
255 2775 403 2861 Pergus,
422 2793 543 2858 aquae.
593 2771 674 2837 Non
692 2773 750 2836 illo
766 2774 864 2857 plura
881 2771 1046 2859 Caystros

99 2883 254 2946 carmina
273 2902 459 2967 cycnorum
476 2881 669 2944 labentibus
686 2881 780 2945 audit
796 2881 830 2943 in
848 2881 959 2945 undis.

99 2988 187 3052 silva
204 3001 344 3052 coronat
362 3008 469 3073 aquas
486 2987 630 3073 cingens
648 2988 734 3051 latus
751 3008 865 3060 omne,
885 2987 1024 3072 suisque

99 3093 277 3159 frondibus
295 3106 331 3157 ut
347 3095 422 3157 velo
440 3093 619 3157 Phoebeos
636 3093 814 3158 submovet
829 3093 939 3179 ignes.

98 3202 228 3288 frigora
247 3203 329 3266 dant
346 3201 445 3274 rami,
463 3199 590 3286 Tyrios
609 3201 733 3264 humus
751 3201 891 3264 humida
907 3199 1030 3265 flores:
1099 3231 1151 3285 390

97 3319 302 3393 perpetuum
318 3330 379 3371 ver
395 3319 457 3373 est.
508 3305 588 3390 Quo
605 3309 684 3370 dum
704 3305 908 3390 Proserpina
926 3307 1003 3370 luco

97 3415 197 3489 ludit,
216 3427 249 3478 et
266 3426 323 3478 aut
339 3414 447 3479 violas
465 3426 522 3478 aut
539 3414 686 3477 candida
703 3414 773 3476 lilia
790 3413 910 3498 carpit,

97 3521 251 3607 dumque
268 3520 411 3605 puellari
428 3520 540 3585 studio
557 3520 778 3604 calathosque
795 3520 975 3605 sinumque

96 3626 227 3709 implet,
248 3639 282 3689 et
295 3628 458 3710 aequales
474 3638 582 3692 certat
598 3648 764 3715 superare
779 3627 948 3722 legenda,

74 3745 193 3803 paene
206 3726 312 3788 simul
329 3731 399 3792 visa
418 3743 470 3795 est
486 3733 693 3830 dilectaque
711 3755 895 3836 raptaque
908 3740 1011 3810 Diti·-
1127 3762 1186 3822 “sb

62 3840 172 3901 usque
185 3825 276 3887 adeo
292 3842 347 3911 est
357 3853 584 3943 properatus
601 3872 729 3924 amor.
782 3856 876 3929 Dea
891 3854 1024 3927 territa
1039 3857 1188 3931 meilli-
