2444 4134
72 121 117 191 86
371 121 442 190 The
471 122 688 208 Calydonian
712 123 828 190 Huni.
986 140 1122 213 [Menan

72 320 108 386 in
125 322 238 387 scelus
254 320 450 385 addendum
468 321 581 386 scelus
597 332 659 396 est,
678 320 714 386 in
730 320 850 384 funera
866 319 993 393 funus;

73 449 134 514 per
150 438 371 492 coacervatos
389 438 507 511 pereat
523 426 644 492 domus
661 426 767 511 impia
785 427 909 491 luctus.
1078 445 1122 510 485

74 556 117 598 an
134 534 216 599 felix
233 531 374 598 Oeneus
391 544 470 597 nato
487 533 614 597 victore
631 532 772 607 fruetur,

72 641 235 706 Thestius
250 639 354 705 orbus
373 636 458 702 erit?
504 636 634 704 Melius
650 637 811 725 lugebitis
829 639 942 705 ambo·

73 770 134 812 vos
152 748 265 821 modo,
284 745 423 810 fraterni
443 765 575 821 manes,
595 745 799 831 animaeque
816 759 986 821 recentes,

73 853 220 918 officium
239 853 358 918 sentite
376 872 503 925 meum,
524 872 720 938 magnoque
737 862 873 936 paratas

74 961 217 1045 accipite
234 959 385 1033 inferias,
405 957 488 1022 uteri
508 958 598 1020 mala
615 958 761 1045 pignora
778 957 895 1022 nostri·
1074 987 1123 1047 490

120 1067 185 1131 ‘Ei
202 1065 306 1130 mihil
331 1087 399 1152 quo
412 1061 551 1149 rapior?
576 1063 696 1129 fratres
712 1064 879 1151 ignoscite
897 1062 1019 1130 matril

74 1173 235 1238 deficiunt
252 1173 296 1238 ad
312 1185 432 1257 coepta
450 1191 584 1247 manus.
635 1168 807 1235 Meruisse
824 1171 971 1235 fatemur

73 1280 182 1354 illurn,
201 1301 263 1344 cur
279 1292 415 1365 pereat:
443 1277 558 1343 mortis
575 1275 657 1340 mihi
675 1275 832 1362 displicet
849 1288 979 1341 auctor.

74 1408 158 1475 ergo
174 1389 313 1473 impune
331 1387 426 1460 feret,
445 1385 610 1471 vivusque
627 1395 659 1448 et
676 1383 783 1447 victor
799 1394 832 1448 et
848 1383 922 1468 ipso

74 1514 234 1558 successu
251 1494 400 1558 tumidus
416 1513 561 1580 regnum
579 1489 770 1576 Calydonis
788 1488 947 1555 habebit?
1074 1522 1121 1579 495

73 1623 134 1666 vos
151 1601 235 1665 cinis
251 1601 399 1688 exiguus
416 1600 620 1687 gelidaeque
633 1596 791 1685 jacebitis
809 1595 976 1662 umbrae?

74 1708 166 1771 haud
183 1707 341 1793 equidem
359 1707 481 1792 patiar.
529 1705 652 1770 Pereat
667 1705 869 1778 sceleratus,
889 1716 923 1769 et
938 1704 997 1768 ille

73 1836 237 1900 spemque
254 1815 357 1900 patris
374 1813 541 1901 regnique
557 1813 668 1878 trahat
685 1811 884 1897 patriaeque
900 1812 1051 1876 ruinam.

72 1942 169 1985 mens
185 1920 241 1984 ubi
261 1932 413 1984 materna
432 1918 503 1984 est?
527 1919 584 1984 ubi
601 1931 679 1985 sunt
695 1919 751 2004 pia
766 1917 844 2006 jura
861 1917 1070 2002 parentum?

72 2038 106 2093 et
121 2050 205 2113 quos
223 2027 365 2092 sustinui
382 2027 433 2091 bis
451 2048 606 2091 mensum
623 2026 774 2113 quinque
791 2024 950 2090 labores?
1074 2057 1122 2112 500

72 2128 104 2194 Ο
120 2130 250 2194 utinam
267 2131 384 2215 primis
402 2130 543 2195 arsisses
559 2130 697 2216 ignibus
714 2128 841 2202 infans,

71 2237 174 2324 idque
190 2259 256 2322 ego
274 2258 376 2323 passa
393 2234 521 2301 forem!
569 2235 694 2300 Vixisti
714 2257 854 2302 munere
872 2246 1010 2303 nostro:

71 2365 163 2408 nunc
180 2343 299 2408 merito
317 2344 460 2407 moriere
477 2354 545 2408 tuo.
596 2341 693 2428 Cape
711 2344 864 2428 praemia
882 2344 975 2422 sacti,

70 2450 190 2535 bisque
207 2451 335 2524 datam,
354 2450 501 2535 primum
519 2461 630 2534 partu,
652 2472 730 2520 mox
748 2451 859 2537 stipite
876 2464 987 2537 rapto,

70 2557 175 2621 redde
192 2555 355 2631 animam,
375 2557 429 2621 vel
447 2578 501 2621 me
517 2555 675 2621 fraternis
693 2559 781 2622 adde
799 2560 981 2644 sepulcris..
1072 2592 1119 2648 505

116 2662 183 2726 ‘Et
208 2663 321 2748 cupio,
352 2673 384 2727 et
413 2684 567 2749 nequeo:
592 2663 675 2750 quid
699 2665 826 2752 agam?
852 2667 953 2732 modo
977 2667 1121 2732 vulnera

204 2768 345 2833 fratrum

71 2887 148 2941 ante
165 2877 281 2941 oculos
299 2875 381 2940 mihi
397 2888 488 2950 sunt,
507 2886 540 2941 et
557 2887 671 2943 tantae
688 2880 804 2945 caedis
821 2880 958 2966 imago:
1066 2910 1070 2917 ·

69 3004 162 3047 nunc
179 2983 329 3046 animum
347 2983 455 3068 pietas
472 2997 695 3072 maternaque
711 2987 851 3050 nomina
868 2987 1043 3074 frangunt.

70 3112 124 3154 me
142 3087 322 3154 miseram!
349 3091 438 3153 male
454 3090 610 3162 vincetis,
629 3094 689 3157 sed
706 3093 843 3167 vincite,
862 3094 1003 3158 fratres:

70 3196 254 3260 dummodo
271 3217 358 3282 quae
376 3198 502 3262 dedero
519 3199 617 3264 vobis
633 3201 774 3274 solacia,
793 3222 921 3286 vosque
1070 3229 1121 3286 510

69 3302 143 3388 ipsa
159 3301 308 3389 sequar.’
356 3303 464 3379 Dixit,
484 3306 672 3393 dextraque
689 3327 810 3370 aversa
827 3305 983 3371 trementi

68 3411 245 3474 funereum
263 3422 388 3476 torrem
407 3413 537 3477 medios
554 3412 699 3498 conjecit
715 3413 750 3475 in
767 3412 879 3500 ignes.

69 3525 127 3580 aut
142 3516 247 3588 dedit,
267 3529 325 3581 aut
340 3518 433 3583 visus
450 3518 598 3605 gemitus
615 3530 666 3583 est
682 3518 739 3583 ille
756 3520 893 3585 dedisse

67 3622 184 3708 stipes,
203 3636 240 3689 ut
257 3625 369 3690 invitis
387 3637 562 3710 correptus
580 3625 624 3688 ab
641 3625 779 3711 ignibus
796 3628 889 3691 arsit.

112 3731 245 3796 luscius
263 3745 363 3818 atque
381 3732 505 3796 absens
521 3731 661 3794 flamma
678 3731 877 3820 Meleagros
895 3734 938 3798 ab
954 3733 1013 3800 illa
1066 3767 1116 3825 515

53 3839 173 3913 uritur,
193 3851 230 3903 et
244 3839 360 3905 caecis
378 3838 498 3905 torreri
516 3839 654 3905 viscera
670 3840 773 3904 sentit
