2444 4134
57 104 103 196 96
345 113 381 172 Τ
373 112 416 171 tie
438 105 557 173 Death
581 109 628 192 os
641 104 825 223 Hercules.
966 123 1082 195 [Manu

58 305 91 370 Ο
107 304 244 391 superi;
266 314 403 392 totoque
421 304 531 370 libens
549 303 632 368 mihi
650 317 787 389 pectore
804 316 934 397 grator,

58 413 149 499 quod
167 412 327 477 memoris
344 412 460 497 populi
478 411 574 475 dicor
591 424 768 499 rectorque
785 423 965 499 paterque,
1050 414 1088 494 245'
1146 454 1148 465 ·

58 531 91 587 et
108 540 185 583 mea
201 518 384 606 progenies
401 531 512 583 vestro
529 539 665 605 quoque
681 529 752 583 tuta
769 519 886 584 favore
903 530 966 584 est.
1146 500 1148 509 ¹

59 647 138 690 nam
156 647 364 713 quamquam
383 625 489 710 ipsius
507 626 606 689 datur
622 626 689 692 hoc
705 625 913 691 immanibus
932 627 1028 700 actis,

58 733 193 820 obligor
209 733 282 818 ipse
299 745 427 797 tamen.
476 733 547 798 Sed
565 733 669 809 enim,
688 755 731 798 ne
748 746 887 818 pectora
903 754 995 799 vano

57 840 127 904 fida
144 852 413 925 metupaveant,
432 840 581 905 Oetaeas
598 841 746 926 spernite
764 840 935 905 flammas.

57 947 173 1012 omnia
189 948 246 1034 qui
264 948 355 1023 vicit,
373 947 499 1023 vincet,
518 971 603 1035 quos
620 948 771 1023 cernitis,
789 948 909 1035 ignes3
1058 977 1102 1032 250

58 1076 123 1118 nec
140 1055 204 1120 nisi
223 1069 376 1119 materna
392 1057 576 1120 vulcanum
595 1068 690 1142 parte
707 1067 877 1141 potentem

58 1161 192 1226 sentiet.
241 1161 430 1226 Aeternum
448 1175 499 1227 est
515 1184 535 1226 a
552 1185 606 1226 me
623 1164 714 1250 quod
731 1163 844 1237 traxit,
863 1175 898 1227 et
913 1184 1041 1247 expers

58 1280 159 1355 atque
175 1268 328 1332 immune
345 1269 452 1342 necis,
472 1270 634 1356 nullaque
652 1269 824 1335 domabile
840 1268 1005 1333 flamma:

58 1376 160 1461 idque
177 1391 244 1463 ego
261 1375 457 1441 defunctum
475 1387 564 1440 terra
581 1376 784 1442 caelestibus
800 1376 868 1441 oris

58 1482 240 1566 accipiam,
259 1483 457 1568 cunctisque
475 1505 589 1548 meum
606 1485 765 1549 laetabile
783 1485 910 1548 sactum
1061 1514 1107 1570 255

57 1589 110 1654 dis
126 1590 198 1655 sore
216 1589 362 1654 confido.
411 1589 528 1676 Siquis
544 1603 658 1655 tamen
678 1590 842 1666 Hercule,
861 1591 969 1677 siquis

57 1699 141 1762 sorte
158 1698 224 1762 deo
241 1698 405 1762 doliturus
422 1698 497 1772 erit,
515 1699 595 1762 data
613 1699 766 1782 praemia
784 1699 896 1762 nolet:

57 1806 118 1870 sed
136 1805 300 1869 meruisse
316 1804 389 1869 dari
407 1805 502 1881 sciet,
521 1805 713 1891 invitusque
731 1803 911 1890 probabit!

102 1912 292 1977 Assensere
310 1912 385 1985 dei3
410 1912 561 1998 conjunx
577 1934 713 1999 quoque
730 1911 826 1999 regia
843 1911 916 1976 visa
933 1922 985 1976 est

57 2031 170 2084 cetera
187 2041 254 2081 non
272 2019 369 2093 duro,
390 2019 474 2083 duro
491 2032 605 2083 tamen
622 2019 742 2083 ultima
758 2020 853 2083 vultu
1059 2035 1112 2090 260

57 2123 147 2187 dicta
164 2123 280 2186 tulisse
293 2122 401 2208 Jovis,
421 2144 525 2207 seque
542 2121 728 2186 indoluisse
746 2133 908 2185 notatam.

102 2230 235 2294 Interea
254 2230 493 2316 quodcumque
510 2229 571 2293 suit
588 2229 784 2314 populabile
801 2227 974 2304 flammae,

57 2337 229 2402 Mulciber
246 2338 451 2411 abstulerat3
477 2358 542 2400 nec
559 2335 801 2423 cognoscenda
818 2336 983 2400 remansit

59 2445 219 2509 Herculis
236 2444 381 2531 effigies,
400 2444 664 2529 necquicquam
683 2443 726 2507 ab
743 2442 895 2528 imagine
911 2444 1055 2508 ductum

58 2553 174 2617 matris
191 2553 305 2626 habet,
325 2564 523 2637 tantumque
535 2550 631 2637 Jovis
647 2551 792 2637 vestigia
809 2561 933 2614 servat.
1059 2569 1108 2636 265

56 2673 158 2747 utque
176 2682 284 2723 novus
302 2681 442 2743 serpens
459 2659 568 2743 posita
586 2680 662 2722 cum
682 2658 771 2742 pelle
788 2668 926 2721 senecta

56 2769 229 2832 luxuriare
247 2768 344 2841 solet,
364 2788 574 2853 squamaque
591 2767 700 2830 virere
717 2764 865 2830 recenti:

56 2876 106 2939 sic
123 2874 180 2938 ubi
198 2875 357 2938 mortales
373 2873 576 2959 Tirynthius
594 2873 687 2937 exuit
704 2884 808 2946 artuS,

56 2994 151 3067 parte
169 2981 220 3045 sui
239 2981 377 3045 meliore
395 2981 498 3067 viget,
517 2980 691 3067 majorque
707 2979 814 3044 videri

56 3088 179 3172 coepit,
199 3099 231 3152 et
249 3099 394 3173 augusta
412 3087 483 3150 lieri
502 3087 669 3174 gravitate
684 3088 864 3152 verendus.
1058 3118 1110 3171 270

56 3217 157 3281 quem
176 3207 272 3279 pater
289 3194 503 3279 omnipotens
520 3194 606 3256 inter
623 3215 708 3256 cava
725 3194 841 3257 nubila
859 3205 994 3280 raptum

56 3301 262 3390 quadrijugo
279 3322 381 3366 curru
397 3299 608 3365 radiantibus
624 3300 737 3364 intulit
753 3300 863 3366 astris.
