2444 4134
88 103 131 191 78
373 102 444 170 rte
465 101 591 191 Flr'ght
614 103 662 190 of
676 102 857 170 Doedalus.
996 121 1136 194 [Mum

88 302 189 368 altius
205 301 277 391 egit
292 303 368 367 iter.
417 300 547 386 Rapidi
564 300 691 366 vicinia
708 301 789 367 solis
1093 331 1138 387 225

88 409 196 474 mollit
212 410 385 482 odoratas,
403 428 594 494 pennarum
611 407 762 482 vincula,
781 428 892 474 ceras.

86 517 267 580 tabuerant
283 536 404 580 cerae:
430 515 539 580 nudos
556 514 663 600 quatit
679 515 737 579 ille
754 514 914 590 lacertos,

87 621 302 708 remigioque
318 641 441 686 carens
457 641 526 685 non
543 621 631 684 ullas
648 620 791 705 percipit
808 641 920 685 auras.

87 750 216 815 oraque
234 729 393 793 caerulea
411 728 557 814 patrium
576 727 759 792 clamantia
775 748 901 792 nomen

88 836 304 920 excipiuntur
321 855 423 920 aqua,
441 855 530 920 quae
547 855 672 899 nomen
689 834 791 898 traxit
807 835 851 898 ab
867 835 938 899 illo.
1091 866 1137 920 230

88 955 122 1006 at
139 955 233 1028 pater
249 942 382 1016 infelix,
401 962 466 1005 nec
479 941 550 1029 jam
568 953 677 1027 pater,
697 941 842 1015 ‘Icare,'
858 941 957 1018 dixit,

88 1047 235 1123 ‘lcare,'
252 1048 337 1113 dixit
355 1047 435 1112 ‘ubi
452 1046 512 1112 es?
534 1060 651 1133 quate
669 1048 810 1134 regione
827 1047 1043 1135 requiram?’

88 1155 229 1220 ‘Icare’
246 1155 392 1230 dicebat,
411 1175 542 1239 pennas
560 1155 693 1240 aspexit
709 1155 744 1219 in
760 1154 882 1220 undis:

87 1261 290 1348 devovitque
307 1281 388 1326 suas
406 1273 508 1336 artes,
527 1282 718 1347 corpusque
735 1262 918 1348 sepulchro

87 1368 250 1443 condidit,
269 1381 302 1432 et
317 1368 417 1433 tellus
434 1388 453 1431 a
471 1368 609 1432 nomine
625 1367 716 1432 dicta
733 1369 872 1452 sepulti.
1089 1399 1136 1457 235

133 1475 238 1540 Hunc
255 1475 368 1540 miseri
385 1476 517 1540 tumulo
535 1486 716 1560 ponentem
735 1496 879 1560 corpora
896 1477 966 1541 nati

87 1584 227 1674 garrula
243 1583 364 1647 limoso
381 1583 556 1667 prospexit
572 1583 616 1646 ab
633 1583 719 1647 elice
736 1583 870 1668 perdix,

86 1703 120 1756 et
136 1689 261 1774 plausit
277 1689 411 1773 pennis,
430 1699 618 1775 testataque
635 1690 764 1777 gaudia
780 1702 882 1754 cantu
900 1702 973 1756 est:
1016 1680 1018 1684 ¹

86 1797 189 1863 unica
205 1806 286 1860 tunc
303 1795 464 1869 volucris,
482 1817 547 1860 nec
563 1795 636 1861 visa
654 1796 822 1881 prioribus
839 1798 951 1872 anuis,

87 1904 244 1989 laetaque
261 1924 371 1987 nuper
388 1902 473 1977 avis,
489 1902 630 1989 longum
648 1903 720 1977 tibi,
737 1902 906 1978 Daedale,
924 1904 1067 1969 crimen.
1088 1935 1138 1988 240

86 2031 236 2096 namque
253 2009 333 2073 huic
349 2009 546 2083 tradiderat,
566 2009 710 2074 satorum
728 2010 863 2097 ignara,
881 2011 1075 2076 docendam

86 2114 289 2201 progeniem
307 2133 474 2200 germana
492 2134 602 2188 suam,
621 2115 791 2178 natalibus
809 2115 893 2179 actis

86 2223 138 2287 bis
156 2243 299 2307 puerum
318 2220 422 2294 senis,
440 2220 545 2284 animi
563 2221 607 2284 ad
625 2233 807 2305 praecepta
825 2221 975 2306 capacis.

85 2330 144 2394 ille
161 2329 262 2393 etiam
280 2327 393 2392 medio
410 2327 527 2411 spinas
543 2327 577 2390 in
595 2328 688 2411 pisce
705 2339 838 2393 notatas

85 2437 187 2500 traxit
204 2436 239 2500 in
256 2434 466 2518 exemplum,
487 2433 642 2520 ferroque
659 2434 778 2522 incidit
794 2446 894 2500 acuto
1088 2465 1137 2521 245

86 2555 269 2630 perpetuos
285 2543 418 2615 demea,
437 2552 470 2605 et
486 2561 600 2605 serrae
618 2539 766 2625 repperit
783 2563 905 2615 usum3

86 2651 217 2737 primus
234 2661 266 2714 et
282 2670 326 2713 ex
343 2671 412 2713 uno
430 2649 498 2712 duo
515 2648 626 2712 ferrea
643 2648 804 2711 bracchia
823 2648 913 2713 nodo
1016 2667 1019 2672 ·

85 2759 207 2834 vinxit,
226 2771 262 2823 ut
279 2758 413 2844 aequali
432 2757 542 2843 spatio
560 2756 762 2822 distantibus
779 2755 845 2821 illis

87 2866 193 2929 altera
210 2887 290 2951 pars
308 2876 423 2939 staret,
443 2885 522 2949 pars
540 2865 645 2929 altera
662 2864 802 2928 duceret
818 2864 949 2927 orbem.
982 2944 983 2947 ¹

87 2971 265 3037 Daedalus
282 2972 414 3046 invidit,
434 2992 600 3057 sacraque
618 2992 661 3035 ex
679 2991 758 3034 arce
775 2969 955 3034 Minervae
1088 3002 1141 3056 250

87 3078 307 3164 praecipitem
327 3078 428 3152 misit,
447 3079 581 3163 lapsum
600 3077 778 3151 mentitus3
804 3089 837 3140 at
852 3076 948 3140 illum

86 3207 175 3272 quae
192 3186 283 3249 favet
299 3184 461 3271 ingeniis,
481 3184 616 3268 excepit
632 3182 761 3257 Pallas,
781 3203 949 3269 avemque

86 3292 245 3366 reddidit,
265 3303 298 3357 et
315 3292 427 3357 medio
443 3291 569 3355 velavit
584 3290 618 3354 in
637 3295 717 3354 aere
735 3289 868 3374 pennis.

87 3399 148 3464 sed
164 3399 264 3487 vigor
279 3397 410 3485 ingenii
427 3398 601 3483 quondam
619 3397 747 3461 velocis
764 3396 798 3460 in
816 3397 889 3461 alas

86 3507 190 3592 inque
208 3505 313 3590 pedes
330 3504 431 3577 abiit;
457 3525 581 3568 nomen
599 3503 690 3589 quod
707 3514 740 3567 et
756 3515 848 3577 ante,
866 3501 1040 3567 remansit.
1089 3535 1139 3591 255

86 3624 287 3679 nontamen
305 3612 392 3675 haec
409 3611 476 3675 alte
492 3610 640 3676 volucris
657 3630 719 3674 sua
735 3630 879 3695 corpora
896 3610 992 3683 tollit,

87 3741 152 3785 nec
169 3719 250 3784 lacit
266 3718 299 3782 in
317 3717 421 3783 ramis
438 3719 573 3803 altoque
590 3717 770 3782 cacumine
786 3717 906 3782 nidosz

70 3836 222 3908 propter
234 3825 381 3890 humum
400 3824 530 3901 volitat,
550 3823 714 3912 ponitque
730 3823 768 3887 in
783 3821 924 3907 sepibus
939 3843 1020 3894 oua,

52 3929 267 4018 antiquique
282 3955 426 4002 mernor
442 3935 568 4004 metuit
587 3932 756 4002 sublimia
774 3950 891 3996 casus.
