<?xml version="1.0" encoding="UTF-8"?>
<!DOCTYPE html PUBLIC "-//W3C//DTD XHTML 1.0 Transitional//EN"
    "http://www.w3.org/TR/xhtml1/DTD/xhtml1-transitional.dtd">
<html xmlns="http://www.w3.org/1999/xhtml" xml:lang="en" lang="en">
 <head>
  <title>
</title>
<meta http-equiv="Content-Type" content="text/html;charset=utf-8" />
  <meta name='ocr-system' content='tesseract 3.04.00' />
  <meta name='ocr-capabilities' content='ocr_page ocr_carea ocr_par ocr_line ocrx_word'/>
</head>
<body>
  <div class='ocr_page' id='page_1' title='image "./publiovidinason00allegoog/publiovidinason00allegoog_0041.png"; bbox 0 0 2444 4134; ppageno 0'>
   <div class='ocr_carea' id='block_1_1' title="bbox 64 82 1119 175">
    <p class='ocr_par' dir='ltr' id='par_1_1' title="bbox 64 82 1119 175">
     <span class='ocr_line' id='line_1_1' title="bbox 64 82 1119 175; baseline 0.008 -31"><span class='ocrx_word' id='word_1_1' title='bbox 64 82 106 148; x_wconf 85' lang='lat'>26</span> <span class='ocrx_word' id='word_1_2' title='bbox 267 104 305 147; x_wconf 87' lang='lat'>11.</span> <span class='ocrx_word' id='word_1_3' title='bbox 347 83 418 149; x_wconf 83' lang='lat' dir='ltr'>The</span> <span class='ocrx_word' id='word_1_4' title='bbox 441 83 647 150; x_wconf 73' lang='lat' dir='ltr'><em>Adventare</em></span> <span class='ocrx_word' id='word_1_5' title='bbox 671 87 718 169; x_wconf 88' lang='lat' dir='ltr'>of</span> <span class='ocrx_word' id='word_1_6' title='bbox 731 85 924 150; x_wconf 63' lang='lat' dir='ltr'>Phaethon.</span> <span class='ocrx_word' id='word_1_7' title='bbox 969 104 1119 175; x_wconf 55' lang='lat' dir='ltr'>[Mem.</span> 
     </span>
    </p>
   </div>
   <div class='ocr_carea' id='block_1_2' title="bbox 54 279 1123 3901">
    <p class='ocr_par' dir='ltr' id='par_1_2' title="bbox 60 279 1117 584">
     <span class='ocr_line' id='line_1_2' title="bbox 61 279 1117 371; baseline 0.003 -27"><span class='ocrx_word' id='word_1_8' title='bbox 61 301 268 366; x_wconf 89' lang='lat' dir='ltr'>arsurusque</span> <span class='ocrx_word' id='word_1_9' title='bbox 286 280 408 343; x_wconf 89' lang='lat' dir='ltr'>iterum</span> <span class='ocrx_word' id='word_1_10' title='bbox 425 279 598 362; x_wconf 87' lang='lat' dir='ltr'>Xanthus,</span> <span class='ocrx_word' id='word_1_11' title='bbox 617 281 794 366; x_wconf 89' lang='lat' dir='ltr'>flavusque</span> <span class='ocrx_word' id='word_1_12' title='bbox 813 281 1019 368; x_wconf 85' lang='lat' dir='ltr'><strong>Lycormas,</strong></span> <span class='ocrx_word' id='word_1_13' title='bbox 1067 317 1117 371; x_wconf 84' lang='lat'>245</span> 
     </span>
     <span class='ocr_line' id='line_1_3' title="bbox 60 386 901 476; baseline -0.001 -23"><span class='ocrx_word' id='word_1_14' title='bbox 60 389 186 476; x_wconf 86' lang='lat' dir='ltr'>quique</span> <span class='ocrx_word' id='word_1_15' title='bbox 204 386 392 451; x_wconf 89' lang='lat' dir='ltr'>recurvatis</span> <span class='ocrx_word' id='word_1_16' title='bbox 409 388 493 451; x_wconf 91' lang='lat' dir='ltr'>ludit</span> <span class='ocrx_word' id='word_1_17' title='bbox 511 387 720 451; x_wconf 82' lang='lat' dir='ltr'>Maeandros</span> <span class='ocrx_word' id='word_1_18' title='bbox 738 388 772 450; x_wconf 92' lang='lat' dir='ltr'>in</span> <span class='ocrx_word' id='word_1_19' title='bbox 789 389 901 463; x_wconf 80' lang='lat' dir='ltr'>undiS,</span> 
     </span>
     <span class='ocr_line' id='line_1_4' title="bbox 61 492 908 584; baseline -0.004 -24"><span class='ocrx_word' id='word_1_20' title='bbox 61 495 343 584; x_wconf 86' lang='lat' dir='ltr'>Mygdoniusque</span> <span class='ocrx_word' id='word_1_21' title='bbox 361 492 475 558; x_wconf 88' lang='lat' dir='ltr'>Melas</span> <span class='ocrx_word' id='word_1_22' title='bbox 494 507 525 558; x_wconf 88' lang='lat' dir='ltr'>et</span> <span class='ocrx_word' id='word_1_23' title='bbox 541 494 734 558; x_wconf 90' lang='lat' dir='ltr'>Taenarius</span> <span class='ocrx_word' id='word_1_24' title='bbox 752 494 908 561; x_wconf 78' lang='lat' dir='ltr'>Eurotas.</span> 
     </span>
    </p>

    <p class='ocr_par' dir='ltr' id='par_1_3' title="bbox 58 600 1123 1759">
     <span class='ocr_line' id='line_1_5' title="bbox 105 600 981 687; baseline 0 -19"><span class='ocrx_word' id='word_1_25' title='bbox 105 603 199 668; x_wconf 88' lang='lat' dir='ltr'>Arsit</span> <span class='ocrx_word' id='word_1_26' title='bbox 216 616 248 667; x_wconf 87' lang='lat' dir='ltr'>et</span> <span class='ocrx_word' id='word_1_27' title='bbox 264 602 459 685; x_wconf 84' lang='lat' dir='ltr'>Euphrates</span> <span class='ocrx_word' id='word_1_28' title='bbox 477 600 703 687; x_wconf 68' lang='lat' dir='ltr'>Babylonius</span> <span class='ocrx_word' id='word_1_29' title='bbox 723 602 804 665; x_wconf 88' lang='lat' dir='ltr'>arsit</span> <span class='ocrx_word' id='word_1_30' title='bbox 821 601 981 679; x_wconf 62' lang='lat' dir='ltr'>Orontes</span> 
     </span>
     <span class='ocr_line' id='line_1_6' title="bbox 60 707 1123 795; baseline 0.003 -21"><span class='ocrx_word' id='word_1_31' title='bbox 60 711 350 795; x_wconf 84' lang='lat' dir='ltr'>Thermodonque</span> <span class='ocrx_word' id='word_1_32' title='bbox 369 708 469 782; x_wconf 89' lang='lat' dir='ltr'>citus,</span> <span class='ocrx_word' id='word_1_33' title='bbox 487 708 711 794; x_wconf 80' lang='lat' dir='ltr'>Gangesque,</span> <span class='ocrx_word' id='word_1_34' title='bbox 727 720 759 772; x_wconf 92' lang='lat' dir='ltr'>et</span> <span class='ocrx_word' id='word_1_35' title='bbox 777 707 911 783; x_wconf 85' lang='lat' dir='ltr'>Phasis,</span> <span class='ocrx_word' id='word_1_36' title='bbox 932 722 963 773; x_wconf 91' lang='lat' dir='ltr'>et</span> <span class='ocrx_word' id='word_1_37' title='bbox 982 710 1123 777; x_wconf 57' lang='lat' dir='ltr'>Hister?</span> 
     </span>
     <span class='ocr_line' id='line_1_7' title="bbox 61 813 1115 904; baseline -0.006 -21"><span class='ocrx_word' id='word_1_38' title='bbox 61 830 192 883; x_wconf 86' lang='lat' dir='ltr'>aestuat</span> <span class='ocrx_word' id='word_1_39' title='bbox 207 816 363 902; x_wconf 87' lang='lat' dir='ltr'>Alpheos</span> <span class='ocrx_word' id='word_1_40' title='bbox 376 840 384 889; x_wconf 85' lang='lat'>3</span> <span class='ocrx_word' id='word_1_41' title='bbox 412 815 506 898; x_wconf 87' lang='lat' dir='ltr'>ripae</span> <span class='ocrx_word' id='word_1_42' title='bbox 525 813 756 899; x_wconf 88' lang='lat' dir='ltr'>Spercheides</span> <span class='ocrx_word' id='word_1_43' title='bbox 773 816 893 878; x_wconf 90' lang='lat' dir='ltr'>ardent</span> <span class='ocrx_word' id='word_1_44' title='bbox 906 839 913 889; x_wconf 95' lang='lat'>;</span> <span class='ocrx_word' id='word_1_45' title='bbox 1064 851 1115 904; x_wconf 83' lang='lat'>250</span> 
     </span>
     <span class='ocr_line' id='line_1_8' title="bbox 60 921 1102 1012; baseline 0 -24"><span class='ocrx_word' id='word_1_46' title='bbox 60 927 218 1012; x_wconf 88' lang='lat' dir='ltr'>quodque</span> <span class='ocrx_word' id='word_1_47' title='bbox 236 947 297 989; x_wconf 88' lang='lat' dir='ltr'>suo</span> <span class='ocrx_word' id='word_1_48' title='bbox 313 924 435 1010; x_wconf 82' lang='lat' dir='ltr'>Tagus</span> <span class='ocrx_word' id='word_1_49' title='bbox 454 943 556 985; x_wconf 92' lang='lat' dir='ltr'>amne</span> <span class='ocrx_word' id='word_1_50' title='bbox 573 922 678 994; x_wconf 88' lang='lat' dir='ltr'>vehit,</span> <span class='ocrx_word' id='word_1_51' title='bbox 699 921 770 984; x_wconf 88' lang='lat' dir='ltr'>fluit</span> <span class='ocrx_word' id='word_1_52' title='bbox 787 921 938 1007; x_wconf 84' lang='lat' dir='ltr'>ignibus,</span> <span class='ocrx_word' id='word_1_53' title='bbox 958 945 1102 998; x_wconf 86' lang='lat' dir='ltr'>aurum3</span> 
     </span>
     <span class='ocr_line' id='line_1_9' title="bbox 60 1024 903 1118; baseline -0.005 -22"><span class='ocrx_word' id='word_1_54' title='bbox 60 1046 93 1096; x_wconf 89' lang='lat' dir='ltr'>et</span> <span class='ocrx_word' id='word_1_55' title='bbox 108 1054 196 1118; x_wconf 91' lang='lat' dir='ltr'>quae</span> <span class='ocrx_word' id='word_1_56' title='bbox 214 1031 394 1096; x_wconf 89' lang='lat' dir='ltr'>Maeonias</span> <span class='ocrx_word' id='word_1_57' title='bbox 412 1030 625 1094; x_wconf 89' lang='lat' dir='ltr'>celebrarant</span> <span class='ocrx_word' id='word_1_58' title='bbox 642 1024 903 1113; x_wconf 63' lang='lat' dir='ltr'>carmine&#39;ripas</span> 
     </span>
     <span class='ocr_line' id='line_1_10' title="bbox 59 1134 890 1220; baseline -0.005 -19"><span class='ocrx_word' id='word_1_59' title='bbox 59 1139 241 1204; x_wconf 90' lang='lat' dir='ltr'>flumineae</span> <span class='ocrx_word' id='word_1_60' title='bbox 260 1141 428 1212; x_wconf 88' lang='lat' dir='ltr'>volucres,</span> <span class='ocrx_word' id='word_1_61' title='bbox 449 1136 559 1199; x_wconf 90' lang='lat' dir='ltr'>medio</span> <span class='ocrx_word' id='word_1_62' title='bbox 579 1136 715 1198; x_wconf 86' lang='lat' dir='ltr'>caluere</span> <span class='ocrx_word' id='word_1_63' title='bbox 733 1134 890 1220; x_wconf 74' lang='lat' dir='ltr'>Caystro</span> 
     </span>
     <span class='ocr_line' id='line_1_11' title="bbox 59 1241 884 1330; baseline -0.008 -20"><span class='ocrx_word' id='word_1_64' title='bbox 59 1245 161 1311; x_wconf 89' lang='lat' dir='ltr'>Nilus</span> <span class='ocrx_word' id='word_1_65' title='bbox 178 1247 213 1310; x_wconf 92' lang='lat' dir='ltr'>in</span> <span class='ocrx_word' id='word_1_66' title='bbox 231 1259 418 1311; x_wconf 83' lang='lat' dir='ltr'>extremum</span> <span class='ocrx_word' id='word_1_67' title='bbox 437 1244 524 1330; x_wconf 81' lang='lat' dir='ltr'>fugit</span> <span class='ocrx_word' id='word_1_68' title='bbox 541 1241 736 1326; x_wconf 90' lang='lat' dir='ltr'>perterritus</span> <span class='ocrx_word' id='word_1_69' title='bbox 754 1243 884 1316; x_wconf 88' lang='lat' dir='ltr'>orbem,</span> 
     </span>
     <span class='ocr_line' id='line_1_12' title="bbox 58 1349 1112 1439; baseline -0.002 -22"><span class='ocrx_word' id='word_1_70' title='bbox 58 1354 274 1439; x_wconf 85' lang='lat' dir='ltr'>occuluitque</span> <span class='ocrx_word' id='word_1_71' title='bbox 291 1364 405 1436; x_wconf 89' lang='lat' dir='ltr'>caput,</span> <span class='ocrx_word' id='word_1_72' title='bbox 426 1351 516 1436; x_wconf 90' lang='lat' dir='ltr'>quod</span> <span class='ocrx_word' id='word_1_73' title='bbox 534 1350 648 1413; x_wconf 91' lang='lat' dir='ltr'>adhuc</span> <span class='ocrx_word' id='word_1_74' title='bbox 666 1349 766 1410; x_wconf 87' lang='lat' dir='ltr'>latet:</span> <span class='ocrx_word' id='word_1_75' title='bbox 792 1349 877 1411; x_wconf 87' lang='lat' dir='ltr'>ostia</span> <span class='ocrx_word' id='word_1_76' title='bbox 895 1364 1026 1434; x_wconf 81' lang='lat' dir='ltr'>septem</span> <span class='ocrx_word' id='word_1_77' title='bbox 1062 1383 1112 1438; x_wconf 82' lang='lat'>255</span> 
     </span>
     <span class='ocr_line' id='line_1_13' title="bbox 60 1454 985 1543; baseline -0.005 -20"><span class='ocrx_word' id='word_1_78' title='bbox 60 1461 296 1543; x_wconf 86' lang='lat' dir='ltr'>pulverulenta</span> <span class='ocrx_word' id='word_1_79' title='bbox 315 1470 449 1531; x_wconf 88' lang='lat' dir='ltr'>vacant,</span> <span class='ocrx_word' id='word_1_80' title='bbox 469 1469 597 1541; x_wconf 87' lang='lat' dir='ltr'>septem</span> <span class='ocrx_word' id='word_1_81' title='bbox 617 1456 690 1519; x_wconf 88' lang='lat' dir='ltr'>sine</span> <span class='ocrx_word' id='word_1_82' title='bbox 707 1454 848 1518; x_wconf 87' lang='lat' dir='ltr'>flumine</span> <span class='ocrx_word' id='word_1_83' title='bbox 867 1457 985 1521; x_wconf 89' lang='lat' dir='ltr'>valles.</span> 
     </span>
     <span class='ocr_line' id='line_1_14' title="bbox 60 1561 1056 1648; baseline -0.001 -19"><span class='ocrx_word' id='word_1_84' title='bbox 60 1567 128 1631; x_wconf 87' lang='lat' dir='ltr'>fors</span> <span class='ocrx_word' id='word_1_85' title='bbox 145 1568 266 1631; x_wconf 89' lang='lat' dir='ltr'>eadem</span> <span class='ocrx_word' id='word_1_86' title='bbox 285 1565 445 1630; x_wconf 85' lang='lat' dir='ltr'>ismarios</span> <span class='ocrx_word' id='word_1_87' title='bbox 465 1563 619 1627; x_wconf 90' lang='lat' dir='ltr'>Hebrum</span> <span class='ocrx_word' id='word_1_88' title='bbox 639 1585 717 1626; x_wconf 92' lang='lat' dir='ltr'>cum</span> <span class='ocrx_word' id='word_1_89' title='bbox 736 1561 920 1648; x_wconf 85' lang='lat' dir='ltr'>Strymone</span> <span class='ocrx_word' id='word_1_90' title='bbox 938 1564 1056 1639; x_wconf 90' lang='lat' dir='ltr'>siccat,</span> 
     </span>
     <span class='ocr_line' id='line_1_15' title="bbox 61 1669 1114 1759; baseline 0 -23"><span class='ocrx_word' id='word_1_91' title='bbox 61 1672 316 1759; x_wconf 89' lang='lat' dir='ltr'>Hesperiosque</span> <span class='ocrx_word' id='word_1_92' title='bbox 357 1694 488 1745; x_wconf 91' lang='lat' dir='ltr'>amnes,</span> <span class='ocrx_word' id='word_1_93' title='bbox 522 1671 686 1734; x_wconf 88' lang='lat' dir='ltr'>Rhenum</span> <span class='ocrx_word' id='word_1_94' title='bbox 728 1669 1006 1756; x_wconf 86' lang='lat' dir='ltr'>Rhodanumque</span> <span class='ocrx_word' id='word_1_95' title='bbox 1046 1672 1114 1736; x_wconf 91' lang='lat' dir='ltr'>Pa-</span> 
     </span>
    </p>

    <p class='ocr_par' dir='ltr' id='par_1_4' title="bbox 59 1780 944 1972">
     <span class='ocr_line' id='line_1_16' title="bbox 194 1780 654 1866; baseline -0.002 -23"><span class='ocrx_word' id='word_1_96' title='bbox 194 1780 357 1866; x_wconf 86' lang='lat' dir='ltr'>dumque,</span> <span class='ocrx_word' id='word_1_97' title='bbox 653 1785 654 1788; x_wconf 72' lang='grc'>’</span> 
     </span>
     <span class='ocr_line' id='line_1_17' title="bbox 59 1885 944 1972; baseline -0.006 -21"><span class='ocrx_word' id='word_1_98' title='bbox 59 1888 181 1972; x_wconf 91' lang='lat' dir='ltr'>cuique</span> <span class='ocrx_word' id='word_1_99' title='bbox 202 1887 261 1950; x_wconf 80' lang='lat' dir='ltr'>luit</span> <span class='ocrx_word' id='word_1_100' title='bbox 277 1909 390 1949; x_wconf 91' lang='lat' dir='ltr'>rerum</span> <span class='ocrx_word' id='word_1_101' title='bbox 408 1887 575 1970; x_wconf 88' lang='lat' dir='ltr'>promissa</span> <span class='ocrx_word' id='word_1_102' title='bbox 592 1885 755 1970; x_wconf 88' lang='lat' dir='ltr'>potentia,</span> <span class='ocrx_word' id='word_1_103' title='bbox 775 1885 944 1970; x_wconf 62' lang='lat' dir='ltr'>Thybrin.</span> 
     </span>
    </p>

    <p class='ocr_par' dir='ltr' id='par_1_5' title="bbox 56 1992 1110 3262">
     <span class='ocr_line' id='line_1_18' title="bbox 104 1992 1065 2078; baseline -0.001 -21"><span class='ocrx_word' id='word_1_104' title='bbox 104 1994 235 2057; x_wconf 88' lang='lat' dir='ltr'>Dissilit</span> <span class='ocrx_word' id='word_1_105' title='bbox 252 2014 353 2057; x_wconf 92' lang='lat' dir='ltr'>omne</span> <span class='ocrx_word' id='word_1_106' title='bbox 370 1995 494 2064; x_wconf 87' lang='lat' dir='ltr'>solum,</span> <span class='ocrx_word' id='word_1_107' title='bbox 514 2005 734 2078; x_wconf 89' lang='lat' dir='ltr'>penetratque</span> <span class='ocrx_word' id='word_1_108' title='bbox 753 1993 786 2055; x_wconf 90' lang='lat' dir='ltr'>in</span> <span class='ocrx_word' id='word_1_109' title='bbox 806 1992 952 2055; x_wconf 88' lang='lat' dir='ltr'>Tartara</span> <span class='ocrx_word' id='word_1_110' title='bbox 970 1992 1065 2057; x_wconf 90' lang='lat' dir='ltr'>rimis</span> 
     </span>
     <span class='ocr_line' id='line_1_19' title="bbox 57 2099 962 2186; baseline -0.002 -23"><span class='ocrx_word' id='word_1_111' title='bbox 57 2101 187 2172; x_wconf 86' lang='lat' dir='ltr'>lumen,</span> <span class='ocrx_word' id='word_1_112' title='bbox 206 2111 238 2163; x_wconf 89' lang='lat' dir='ltr'>et</span> <span class='ocrx_word' id='word_1_113' title='bbox 256 2099 424 2162; x_wconf 86' lang='lat' dir='ltr'>infernum</span> <span class='ocrx_word' id='word_1_114' title='bbox 443 2111 544 2162; x_wconf 89' lang='lat' dir='ltr'>terret</span> <span class='ocrx_word' id='word_1_115' title='bbox 562 2120 638 2162; x_wconf 91' lang='lat' dir='ltr'>cum</span> <span class='ocrx_word' id='word_1_116' title='bbox 657 2100 803 2185; x_wconf 83' lang='lat' dir='ltr'>conjuge</span> <span class='ocrx_word' id='word_1_117' title='bbox 822 2121 962 2186; x_wconf 85' lang='lat' dir='ltr'>regem3</span> 
     </span>
     <span class='ocr_line' id='line_1_20' title="bbox 57 2206 1011 2290; baseline 0 -20"><span class='ocrx_word' id='word_1_118' title='bbox 57 2219 90 2270; x_wconf 93' lang='lat' dir='ltr'>et</span> <span class='ocrx_word' id='word_1_119' title='bbox 106 2227 200 2270; x_wconf 90' lang='lat' dir='ltr'>mare</span> <span class='ocrx_word' id='word_1_120' title='bbox 218 2207 439 2280; x_wconf 87' lang='lat' dir='ltr'>contrahitur,</span> <span class='ocrx_word' id='word_1_121' title='bbox 459 2206 639 2290; x_wconf 87' lang='lat' dir='ltr'>siccaeque</span> <span class='ocrx_word' id='word_1_122' title='bbox 656 2218 706 2268; x_wconf 88' lang='lat' dir='ltr'>est</span> <span class='ocrx_word' id='word_1_123' title='bbox 723 2226 866 2289; x_wconf 90' lang='lat' dir='ltr'>campus</span> <span class='ocrx_word' id='word_1_124' title='bbox 886 2227 1011 2270; x_wconf 89' lang='lat' dir='ltr'>arenae</span> 
     </span>
     <span class='ocr_line' id='line_1_21' title="bbox 56 2314 1105 2399; baseline 0.001 -22"><span class='ocrx_word' id='word_1_125' title='bbox 56 2315 147 2399; x_wconf 93' lang='lat' dir='ltr'>quod</span> <span class='ocrx_word' id='word_1_126' title='bbox 165 2315 266 2377; x_wconf 92' lang='lat' dir='ltr'>modo</span> <span class='ocrx_word' id='word_1_127' title='bbox 284 2325 406 2397; x_wconf 89' lang='lat' dir='ltr'>pontus</span> <span class='ocrx_word' id='word_1_128' title='bbox 425 2325 509 2385; x_wconf 88' lang='lat' dir='ltr'>erat,</span> <span class='ocrx_word' id='word_1_129' title='bbox 524 2334 676 2397; x_wconf 88' lang='lat' dir='ltr'>quosque</span> <span class='ocrx_word' id='word_1_130' title='bbox 696 2314 800 2374; x_wconf 90' lang='lat' dir='ltr'>altum</span> <span class='ocrx_word' id='word_1_131' title='bbox 819 2326 950 2376; x_wconf 89' lang='lat' dir='ltr'>texerat</span> <span class='ocrx_word' id='word_1_132' title='bbox 968 2335 1105 2399; x_wconf 69' lang='lat' dir='ltr'>aequor»</span> 
     </span>
     <span class='ocr_line' id='line_1_22' title="bbox 56 2417 926 2508; baseline 0.002 -25"><span class='ocrx_word' id='word_1_133' title='bbox 56 2420 222 2484; x_wconf 87' lang='lat' dir='ltr'>exsistunt</span> <span class='ocrx_word' id='word_1_134' title='bbox 238 2431 370 2483; x_wconf 90' lang='lat' dir='ltr'>montes</span> <span class='ocrx_word' id='word_1_135' title='bbox 388 2432 420 2483; x_wconf 90' lang='lat' dir='ltr'>et</span> <span class='ocrx_word' id='word_1_136' title='bbox 436 2440 573 2503; x_wconf 89' lang='lat' dir='ltr'>sparsas</span> <span class='ocrx_word' id='word_1_137' title='bbox 592 2417 767 2504; x_wconf 89' lang='lat' dir='ltr'>Cycladas</span> <span class='ocrx_word' id='word_1_138' title='bbox 787 2436 926 2508; x_wconf 88' lang='lat' dir='ltr'>augent.</span> 
     </span>
     <span class='ocr_line' id='line_1_23' title="bbox 57 2527 1109 2620; baseline 0.008 -32"><span class='ocrx_word' id='word_1_139' title='bbox 57 2527 124 2589; x_wconf 91' lang='lat' dir='ltr'>ima</span> <span class='ocrx_word' id='word_1_140' title='bbox 142 2539 258 2611; x_wconf 88' lang='lat' dir='ltr'>petunt</span> <span class='ocrx_word' id='word_1_141' title='bbox 275 2528 399 2611; x_wconf 88' lang='lat' dir='ltr'>pisces,</span> <span class='ocrx_word' id='word_1_142' title='bbox 419 2547 482 2590; x_wconf 91' lang='lat' dir='ltr'>nec</span> <span class='ocrx_word' id='word_1_143' title='bbox 499 2548 535 2590; x_wconf 91' lang='lat' dir='ltr'>se</span> <span class='ocrx_word' id='word_1_144' title='bbox 552 2548 655 2610; x_wconf 88' lang='lat' dir='ltr'>super</span> <span class='ocrx_word' id='word_1_145' title='bbox 673 2550 821 2614; x_wconf 88' lang='lat' dir='ltr'>aequora</span> <span class='ocrx_word' id='word_1_146' title='bbox 840 2532 935 2595; x_wconf 91' lang='lat' dir='ltr'>curvi</span> <span class='ocrx_word' id='word_1_147' title='bbox 1060 2551 1109 2620; x_wconf 83' lang='lat'>²⁶5</span> 
     </span>
     <span class='ocr_line' id='line_1_24' title="bbox 56 2633 895 2717; baseline 0.007 -22"><span class='ocrx_word' id='word_1_148' title='bbox 56 2634 173 2697; x_wconf 89' lang='lat' dir='ltr'>tollere</span> <span class='ocrx_word' id='word_1_149' title='bbox 192 2644 371 2698; x_wconf 87' lang='lat' dir='ltr'>consuetas</span> <span class='ocrx_word' id='word_1_150' title='bbox 389 2633 515 2696; x_wconf 89' lang='lat' dir='ltr'>audent</span> <span class='ocrx_word' id='word_1_151' title='bbox 531 2634 711 2717; x_wconf 90' lang='lat' dir='ltr'>delphines</span> <span class='ocrx_word' id='word_1_152' title='bbox 730 2637 763 2698; x_wconf 91' lang='lat' dir='ltr'>in</span> <span class='ocrx_word' id='word_1_153' title='bbox 782 2660 895 2704; x_wconf 89' lang='lat' dir='ltr'>auras.</span> 
     </span>
     <span class='ocr_line' id='line_1_25' title="bbox 57 2741 923 2829; baseline 0.007 -25"><span class='ocrx_word' id='word_1_154' title='bbox 57 2761 198 2824; x_wconf 90' lang='lat' dir='ltr'>corpora</span> <span class='ocrx_word' id='word_1_155' title='bbox 217 2741 404 2824; x_wconf 91' lang='lat' dir='ltr'>phocarum</span> <span class='ocrx_word' id='word_1_156' title='bbox 423 2761 556 2803; x_wconf 91' lang='lat' dir='ltr'>summo</span> <span class='ocrx_word' id='word_1_157' title='bbox 575 2743 735 2826; x_wconf 85' lang='lat' dir='ltr'>resupina</span> <span class='ocrx_word' id='word_1_158' title='bbox 754 2746 923 2829; x_wconf 81' lang='lat' dir='ltr'>profundo</span> 
     </span>
     <span class='ocr_line' id='line_1_26' title="bbox 57 2845 1009 2937; baseline 0.008 -27"><span class='ocrx_word' id='word_1_159' title='bbox 57 2847 251 2911; x_wconf 84' lang='lat' dir='ltr'>exanimata</span> <span class='ocrx_word' id='word_1_160' title='bbox 268 2845 404 2909; x_wconf 87' lang='lat' dir='ltr'>natant:</span> <span class='ocrx_word' id='word_1_161' title='bbox 430 2846 540 2931; x_wconf 91' lang='lat' dir='ltr'>ipsum</span> <span class='ocrx_word' id='word_1_162' title='bbox 560 2871 696 2937; x_wconf 85' lang='lat' dir='ltr'>quoque</span> <span class='ocrx_word' id='word_1_163' title='bbox 715 2851 831 2917; x_wconf 85' lang='lat' dir='ltr'>Nerea</span> <span class='ocrx_word' id='word_1_164' title='bbox 849 2855 941 2917; x_wconf 87' lang='lat' dir='ltr'>sama</span> <span class='ocrx_word' id='word_1_165' title='bbox 959 2864 1009 2918; x_wconf 92' lang='lat' dir='ltr'>est</span> 
     </span>
     <span class='ocr_line' id='line_1_27' title="bbox 56 2953 925 3039; baseline 0.006 -21"><span class='ocrx_word' id='word_1_166' title='bbox 56 2953 253 3039; x_wconf 87' lang='lat' dir='ltr'>Doridaque</span> <span class='ocrx_word' id='word_1_167' title='bbox 271 2965 303 3017; x_wconf 89' lang='lat' dir='ltr'>et</span> <span class='ocrx_word' id='word_1_168' title='bbox 319 2965 415 3018; x_wconf 89' lang='lat' dir='ltr'>natas</span> <span class='ocrx_word' id='word_1_169' title='bbox 432 2954 554 3038; x_wconf 90' lang='lat' dir='ltr'>tepidis</span> <span class='ocrx_word' id='word_1_170' title='bbox 573 2959 711 3024; x_wconf 93' lang='lat' dir='ltr'>latuisse</span> <span class='ocrx_word' id='word_1_171' title='bbox 729 2962 792 3025; x_wconf 93' lang='lat' dir='ltr'>sub</span> <span class='ocrx_word' id='word_1_172' title='bbox 810 2961 925 3025; x_wconf 87' lang='lat' dir='ltr'>antris.</span> 
     </span>
     <span class='ocr_line' id='line_1_28' title="bbox 56 3059 1110 3152; baseline 0.011 -29"><span class='ocrx_word' id='word_1_173' title='bbox 56 3071 105 3124; x_wconf 90' lang='lat' dir='ltr'>ter</span> <span class='ocrx_word' id='word_1_174' title='bbox 121 3059 304 3144; x_wconf 89' lang='lat' dir='ltr'>Neptunus</span> <span class='ocrx_word' id='word_1_175' title='bbox 322 3061 417 3146; x_wconf 91' lang='lat' dir='ltr'>aquis</span> <span class='ocrx_word' id='word_1_176' title='bbox 435 3084 513 3126; x_wconf 87' lang='lat' dir='ltr'>cum</span> <span class='ocrx_word' id='word_1_177' title='bbox 531 3077 626 3130; x_wconf 91' lang='lat' dir='ltr'>torvo</span> <span class='ocrx_word' id='word_1_178' title='bbox 644 3069 806 3132; x_wconf 88' lang='lat' dir='ltr'>bracchia</span> <span class='ocrx_word' id='word_1_179' title='bbox 823 3070 917 3132; x_wconf 91' lang='lat' dir='ltr'>vultu</span> <span class='ocrx_word' id='word_1_180' title='bbox 1058 3099 1110 3152; x_wconf 90' lang='lat'>270</span> 
     </span>
     <span class='ocr_line' id='line_1_29' title="bbox 56 3176 927 3262; baseline 0.009 -32"><span class='ocrx_word' id='word_1_181' title='bbox 56 3188 214 3232; x_wconf 87' lang='lat' dir='ltr'>exserere</span> <span class='ocrx_word' id='word_1_182' title='bbox 233 3188 334 3232; x_wconf 88' lang='lat' dir='ltr'>ausus</span> <span class='ocrx_word' id='word_1_183' title='bbox 352 3181 443 3245; x_wconf 86' lang='lat' dir='ltr'>erat3</span> <span class='ocrx_word' id='word_1_184' title='bbox 469 3187 519 3238; x_wconf 92' lang='lat' dir='ltr'>ter</span> <span class='ocrx_word' id='word_1_185' title='bbox 537 3198 604 3240; x_wconf 94' lang='lat' dir='ltr'>non</span> <span class='ocrx_word' id='word_1_186' title='bbox 622 3178 696 3240; x_wconf 91' lang='lat' dir='ltr'>tulit</span> <span class='ocrx_word' id='word_1_187' title='bbox 713 3177 799 3240; x_wconf 79' lang='lat' dir='ltr'>a&#39;eris</span> <span class='ocrx_word' id='word_1_188' title='bbox 817 3176 927 3262; x_wconf 89' lang='lat' dir='ltr'>ignes.</span> 
     </span>
    </p>

    <p class='ocr_par' dir='ltr' id='par_1_6' title="bbox 54 3273 1108 3901">
     <span class='ocr_line' id='line_1_30' title="bbox 100 3273 991 3366; baseline 0.008 -28"><span class='ocrx_word' id='word_1_189' title='bbox 100 3273 204 3338; x_wconf 86' lang='lat' dir='ltr'>Alma</span> <span class='ocrx_word' id='word_1_190' title='bbox 221 3285 335 3338; x_wconf 87' lang='lat' dir='ltr'>tamen</span> <span class='ocrx_word' id='word_1_191' title='bbox 352 3277 486 3356; x_wconf 88' lang='lat' dir='ltr'>Tellus,</span> <span class='ocrx_word' id='word_1_192' title='bbox 505 3295 542 3347; x_wconf 89' lang='lat' dir='ltr'>ut</span> <span class='ocrx_word' id='word_1_193' title='bbox 559 3295 631 3358; x_wconf 85' lang='lat' dir='ltr'>erat</span> <span class='ocrx_word' id='word_1_194' title='bbox 647 3284 857 3347; x_wconf 86' lang='lat' dir='ltr'>circumdata</span> <span class='ocrx_word' id='word_1_195' title='bbox 876 3294 991 3366; x_wconf 91' lang='lat' dir='ltr'>pont0,</span> 
     </span>
     <span class='ocr_line' id='line_1_31' title="bbox 56 3381 928 3475; baseline 0.01 -32"><span class='ocrx_word' id='word_1_196' title='bbox 56 3381 142 3446; x_wconf 90' lang='lat' dir='ltr'>inter</span> <span class='ocrx_word' id='word_1_197' title='bbox 159 3403 264 3467; x_wconf 89' lang='lat' dir='ltr'>aquas</span> <span class='ocrx_word' id='word_1_198' title='bbox 281 3386 410 3474; x_wconf 88' lang='lat' dir='ltr'>pelagi,</span> <span class='ocrx_word' id='word_1_199' title='bbox 431 3403 621 3456; x_wconf 88' lang='lat' dir='ltr'>contractos</span> <span class='ocrx_word' id='word_1_200' title='bbox 639 3390 788 3475; x_wconf 88' lang='lat' dir='ltr'>undique</span> <span class='ocrx_word' id='word_1_201' title='bbox 806 3389 928 3463; x_wconf 79' lang='lat' dir='ltr'>fonteS,</span> 
     </span>
     <span class='ocr_line' id='line_1_32' title="bbox 56 3487 945 3585; baseline 0.011 -35"><span class='ocrx_word' id='word_1_202' title='bbox 56 3487 113 3573; x_wconf 89' lang='lat' dir='ltr'>qui</span> <span class='ocrx_word' id='word_1_203' title='bbox 130 3510 165 3553; x_wconf 91' lang='lat' dir='ltr'>se</span> <span class='ocrx_word' id='word_1_204' title='bbox 183 3492 406 3560; x_wconf 87' lang='lat' dir='ltr'>condiderant</span> <span class='ocrx_word' id='word_1_205' title='bbox 422 3498 455 3560; x_wconf 92' lang='lat' dir='ltr'>in</span> <span class='ocrx_word' id='word_1_206' title='bbox 474 3519 604 3581; x_wconf 88' lang='lat' dir='ltr'>opacae</span> <span class='ocrx_word' id='word_1_207' title='bbox 620 3497 752 3560; x_wconf 88' lang='lat' dir='ltr'>viscera</span> <span class='ocrx_word' id='word_1_208' title='bbox 771 3496 899 3569; x_wconf 79' lang='lat' dir='ltr'>matriS,</span> <span class='ocrx_word' id='word_1_209' title='bbox 940 3579 945 3585; x_wconf 24' lang='grc' dir='ltr'>ι</span> 
     </span>
     <span class='ocr_line' id='line_1_33' title="bbox 56 3598 1108 3689; baseline 0.005 -30"><span class='ocrx_word' id='word_1_210' title='bbox 56 3598 189 3662; x_wconf 88' lang='lat' dir='ltr'>sustulit</span> <span class='ocrx_word' id='word_1_211' title='bbox 206 3627 389 3689; x_wconf 87' lang='lat' dir='ltr'>oppressos</span> <span class='ocrx_word' id='word_1_212' title='bbox 406 3605 493 3668; x_wconf 95' lang='lat' dir='ltr'>collo</span> <span class='ocrx_word' id='word_1_213' title='bbox 511 3615 609 3667; x_wconf 88' lang='lat' dir='ltr'>tenus</span> <span class='ocrx_word' id='word_1_214' title='bbox 627 3603 722 3667; x_wconf 89' lang='lat' dir='ltr'>arida</span> <span class='ocrx_word' id='word_1_215' title='bbox 739 3604 871 3666; x_wconf 84' lang='lat' dir='ltr'>vultus:</span> <span class='ocrx_word' id='word_1_216' title='bbox 1058 3634 1108 3689; x_wconf 80' lang='lat'>275</span> 
     </span>
     <span class='ocr_line' id='line_1_34' title="bbox 57 3711 948 3797; baseline 0.004 -27"><span class='ocrx_word' id='word_1_217' title='bbox 57 3712 280 3797; x_wconf 89' lang='lat' dir='ltr'>opposuitque</span> <span class='ocrx_word' id='word_1_218' title='bbox 299 3733 438 3775; x_wconf 90' lang='lat' dir='ltr'>manum</span> <span class='ocrx_word' id='word_1_219' title='bbox 457 3711 568 3780; x_wconf 88' lang='lat' dir='ltr'>sronti,</span> <span class='ocrx_word' id='word_1_220' title='bbox 590 3731 786 3796; x_wconf 82' lang='lat' dir='ltr'>magnoque</span> <span class='ocrx_word' id='word_1_221' title='bbox 803 3720 948 3787; x_wconf 80' lang='lat' dir='ltr'>tremore</span> 
     </span>
     <span class='ocr_line' id='line_1_35' title="bbox 54 3815 883 3901; baseline -0.001 -25"><span class='ocrx_word' id='word_1_222' title='bbox 54 3819 168 3880; x_wconf 85' lang='lat' dir='ltr'>omnia</span> <span class='ocrx_word' id='word_1_223' title='bbox 188 3817 387 3881; x_wconf 87' lang='lat' dir='ltr'>concutiens</span> <span class='ocrx_word' id='word_1_224' title='bbox 400 3817 544 3901; x_wconf 90' lang='lat' dir='ltr'>paulum</span> <span class='ocrx_word' id='word_1_225' title='bbox 563 3815 728 3895; x_wconf 79' lang='lat' dir='ltr'>subsedit,</span> <span class='ocrx_word' id='word_1_226' title='bbox 748 3831 779 3876; x_wconf 85' lang='lat' dir='ltr'>et</span> <span class='ocrx_word' id='word_1_227' title='bbox 796 3815 883 3892; x_wconf 80' lang='lat' dir='ltr'>infra</span> 
     </span>
    </p>
   </div>
   <div class='ocr_carea' id='block_1_3' title="bbox 0 0 1226 4134">
    <p class='ocr_par' dir='ltr' id='par_1_7' title="bbox 0 0 1226 4134">
     <span class='ocr_line' id='line_1_36' title="bbox 0 0 1226 4134; baseline 0 1"><span class='ocrx_word' id='word_1_228' title='bbox 0 0 1226 4134; x_wconf 95' lang='lat' dir='ltr'> </span> 
     </span>
    </p>
   </div>
  </div>
 </body>
</html>
