2444 4134
124 127 165 196 52
393 112 463 179 The
497 113 713 201 Wandem'ng
733 116 780 199 of
800 114 913 179 Ceres.
1034 131 1178 203 [blarru

124 319 157 373 et
175 320 316 374 matrem
334 321 367 374 et
383 311 616 385 comites‚sed
634 286 776 375 matrem
795 309 945 395 saepius,
963 331 1023 375 ore

124 416 269 490 clamat3
294 429 327 480 et
343 430 379 480 ut
394 438 529 481 summa
546 430 674 481 vestem
693 417 837 480 laniarat
855 417 898 480 ab
914 438 988 492 ora,

124 523 256 586 collecti
273 521 375 587 flores
391 523 514 587 tunicis
532 524 688 587 cecidere
705 524 868 587 remissis.

123 639 284 717 tantaque
302 630 500 714 simplicitas
519 630 705 714 puerilibus
724 630 830 693 adluit
846 629 959 710 annis,
1082 683 1085 689 .
1125 663 1175 714 400

123 735 211 798 haec
227 756 361 820 quoque
380 736 571 821 virgineum
590 736 694 798 movit
706 735 840 822 jactura
857 731 1022 800 dolorem.

168 840 302 925 Raptor
320 842 390 928 agit
408 862 540 914 currus,
559 853 591 905 et
608 842 745 905 nomine
762 863 934 929 quemque
950 855 1092 909 vocatos

123 948 321 1012 exhortatur
337 969 455 1033 equos,
474 969 619 1032 quorum
638 970 698 1032 per
715 949 804 1012 colla
817 948 988 1036 jubasque

122 1054 250 1118 excutit
265 1054 410 1118 obscura
427 1053 549 1117 tinctas
567 1053 742 1141 ferrugine
759 1055 927 1119 habenas.

123 1180 251 1245 perque
268 1160 363 1224 lacus
381 1161 466 1224 altos
484 1173 517 1223 et
533 1161 659 1225 olentia
677 1161 805 1225 sulfure
823 1162 928 1226 fertur
1122 1193 1172 1249 405

122 1276 246 1350 stagna
263 1262 472 1338 Palicorum,
491 1275 591 1348 rupta
609 1264 775 1328 ferventia
790 1277 901 1339 terra;

122 1382 237 1455 etqua
255 1369 489 1446 Bacchiadae,
508 1370 628 1435 bimari
647 1392 734 1458 gens
750 1382 823 1435 orta
840 1369 1021 1449 Corintho,

121 1476 209 1541 inter
224 1477 423 1563 inaequales
440 1491 625 1562 posuerunt
642 1478 777 1542 moenia
793 1491 922 1564 portus.

167 1583 228 1648 Est
246 1585 395 1647 medium
414 1583 555 1669 Cyanes
572 1597 605 1648 et
621 1584 765 1649 Pisaeae
782 1583 990 1660 Arethusae,

121 1690 212 1777 quod
230 1690 297 1754 coit
314 1691 468 1777 angustis
485 1690 654 1754 inclusum
673 1691 833 1756 cornibus
849 1711 990 1777 aequor.
1122 1724 1173 1775 4¹0

121 1794 178 1857 hic
194 1794 268 1868 suit,
287 1815 307 1856 a
325 1795 422 1881 cujus
439 1806 600 1881 stagnum
618 1816 752 1881 quoque
770 1795 908 1859 nomine
925 1796 1051 1860 dictum
1071 1810 1134 1871 est,

121 1901 207 1965 inter
224 1900 394 1966 Sicelidas
411 1900 533 1987 Cyane
550 1902 772 1965 celeberrima
791 1903 972 1986 nymphas.

121 2008 258 2094 gurgite
275 2029 365 2092 quae
383 2009 494 2072 medio
511 2028 646 2071 summa
663 2020 760 2072 tenus
778 2007 904 2071 exstitit
921 2009 1011 2083 alvo,

120 2114 327 2200 agnovitque
345 2116 467 2178 deam:
493 2112 594 2178 ‘Nec
610 2114 746 2200 longius
763 2112 870 2177 ibitis’
887 2113 1015 2199 inquit;

121 2233 212 2285 ‘non
231 2235 327 2307 potes
345 2222 470 2285 invitae
487 2221 623 2286 Cereris
641 2241 862 2306 generasse:
888 2221 1058 2306 roganda,
1121 2253 1172 2306 415

120 2349 187 2412 non
206 2329 372 2412 rapienda
390 2328 463 2391 fuit.
514 2325 663 2410 Quodsi
681 2347 887 2410 componere
906 2327 1044 2413 magnis

119 2456 225 2520 parva
244 2435 325 2498 mihi
343 2435 395 2499 sas
412 2446 474 2508 est,
492 2445 524 2499 et
542 2456 595 2498 me
612 2434 730 2498 dilexit
746 2433 900 2517 Anapis:

119 2555 259 2608 exorata
276 2555 403 2616 tamen,
422 2561 499 2615 nec,
518 2553 555 2604 ut
572 2542 671 2615 haec,
689 2528 848 2604 exterrita
865 2539 990 2624 nupsi.'

119 2649 216 2724 dixit,
235 2649 319 2714 etin
337 2658 450 2732 partes
468 2647 620 2712 diversas
638 2647 798 2711 bracchia
815 2646 959 2710 tendens

118 2755 255 2822 obstitit.
307 2754 411 2819 Haud
428 2755 516 2819 ultra
533 2753 641 2818 tenuit
657 2752 838 2818 Saturnius
855 2752 956 2828 iram,
1120 2785 1172 2838 4²0

117 2862 353 2948 terribilesque
371 2862 521 2925 hortatus
538 2882 644 2946 equos
661 2860 695 2922 in
712 2859 858 2946 gurgitis
875 2858 944 2923 ima

118 2980 308 3033 contortum
326 2968 440 3032 valido
457 2981 628 3052 sceptrum
646 2967 764 3053 regale
782 2967 908 3030 lacerto

118 3076 281 3140 condidit.
331 3075 402 3139 lcta
420 3074 510 3137 viam
527 3075 627 3138 tellus
644 3072 678 3136 in
696 3073 843 3136 Tartara
860 3073 951 3148 iecit,

118 3192 151 3245 et
167 3203 292 3265 pronos
310 3202 428 3245 currus
447 3180 558 3245 medio
576 3192 706 3244 cratere
723 3179 863 3263 recepit.

162 3286 210 3352 At
225 3286 347 3372 Cyane
364 3299 565 3372 raptamque
582 3287 682 3351 deam
700 3296 963 3372 contemptaque
980 3283 1082 3352 sontis
1116 3317 1168 3373 425

113 3393 191 3481 jura
208 3394 259 3459 sui
277 3414 447 3467 maerens,
466 3392 710 3456 inconsolabile
727 3393 851 3456 vulnus

117 3514 230 3564 mente
247 3500 334 3587 gerit
349 3499 464 3572 tacita,
483 3498 700 3584 lacrimisque
718 3500 906 3563 absumitur
921 3498 1054 3572 omnis;

113 3619 148 3668 er
162 3629 307 3691 quarum
323 3606 435 3670 suerat
453 3626 617 3693 magnum
636 3606 736 3670 modo
754 3628 894 3680 numen,
913 3606 948 3669 in
965 3605 1042 3670 illas

82 3720 302 3774 extenuatur
313 3733 439 3800 aquas.
493 3713 633 3782 Molliri
652 3712 985 3786 membrayideres,

52 3821 139 3869 ⁰³⁸³
146 3815 388 3900 patramus,
411 3845 564 3916 ungues
579 3826 757 3916 posuisse
774 3821 964 3910 rigorema
1157 3837 1210 3885 aas
