<?xml version="1.0" encoding="UTF-8"?>
<!DOCTYPE html PUBLIC "-//W3C//DTD XHTML 1.0 Transitional//EN"
    "http://www.w3.org/TR/xhtml1/DTD/xhtml1-transitional.dtd">
<html xmlns="http://www.w3.org/1999/xhtml" xml:lang="en" lang="en">
 <head>
  <title>
</title>
<meta http-equiv="Content-Type" content="text/html;charset=utf-8" />
  <meta name='ocr-system' content='tesseract 3.04.00' />
  <meta name='ocr-capabilities' content='ocr_page ocr_carea ocr_par ocr_line ocrx_word'/>
</head>
<body>
  <div class='ocr_page' id='page_1' title='image "./publiovidinason00allegoog/publiovidinason00allegoog_0119.png"; bbox 0 0 2444 4134; ppageno 0'>
   <div class='ocr_carea' id='block_1_1' title="bbox 69 69 1140 211">
    <p class='ocr_par' dir='ltr' id='par_1_1' title="bbox 69 69 1140 211">
     <span class='ocr_line' id='line_1_1' title="bbox 69 69 1140 211; baseline 0.009 -25"><span class='ocrx_word' id='word_1_1' title='bbox 69 141 135 210; x_wconf 89' lang='lat'>104</span> <span class='ocrx_word' id='word_1_2' title='bbox 359 121 395 188; x_wconf 86' lang='lat' dir='ltr'><em>T</em></span> <span class='ocrx_word' id='word_1_3' title='bbox 389 122 431 187; x_wconf 80' lang='lat' dir='ltr'>he</span> <span class='ocrx_word' id='word_1_4' title='bbox 453 122 573 188; x_wconf 84' lang='lat' dir='ltr'>Death</span> <span class='ocrx_word' id='word_1_5' title='bbox 598 126 645 208; x_wconf 88' lang='lat' dir='ltr'>os</span> <span class='ocrx_word' id='word_1_6' title='bbox 663 72 835 211; x_wconf 71' lang='lat' dir='ltr'>Orpheus.</span> <span class='ocrx_word' id='word_1_7' title='bbox 981 69 1140 210; x_wconf 20' lang='lat' dir='ltr'>[Murru-</span> 
     </span>
    </p>
   </div>
   <div class='ocr_carea' id='block_1_2' title="bbox 260 401 925 470">
    <p class='ocr_par' dir='ltr' id='par_1_2' title="bbox 260 401 925 470">
     <span class='ocr_line' id='line_1_2' title="bbox 260 401 925 470; baseline 0 -2"><span class='ocrx_word' id='word_1_8' title='bbox 260 401 360 468; x_wconf 90' lang='lat' dir='ltr'><strong>XVI.</strong></span> <span class='ocrx_word' id='word_1_9' title='bbox 393 403 478 467; x_wconf 76' lang='lat' dir='ltr'>Trm</span> <span class='ocrx_word' id='word_1_10' title='bbox 504 404 641 468; x_wconf 75' lang='lat' dir='ltr'>Dnnrrr</span> <span class='ocrx_word' id='word_1_11' title='bbox 665 425 712 469; x_wconf 78' lang='lat' dir='ltr'>ou</span> <span class='ocrx_word' id='word_1_12' title='bbox 735 404 925 470; x_wconf 72' lang='lat' dir='ltr'>omanus.</span> 
     </span>
    </p>
   </div>
   <div class='ocr_carea' id='block_1_3' title="bbox 437 600 759 672">
    <p class='ocr_par' dir='ltr' id='par_1_3' title="bbox 437 600 759 672">
     <span class='ocr_line' id='line_1_3' title="bbox 437 600 759 672; baseline 0.006 -19"><span class='ocrx_word' id='word_1_13' title='bbox 437 601 540 671; x_wconf 78' lang='lat' dir='ltr'>[Boon</span> <span class='ocrx_word' id='word_1_14' title='bbox 559 600 759 672; x_wconf 87' lang='lat' dir='ltr'>X1.-1-84.]</span> 
     </span>
    </p>
   </div>
   <div class='ocr_carea' id='block_1_4' title="bbox 25 770 1121 1281">
    <p class='ocr_par' dir='ltr' id='par_1_4' title="bbox 25 770 1121 1281">
     <span class='ocr_line' id='line_1_4' title="bbox 121 770 1119 844; baseline -0.002 -17"><span class='ocrx_word' id='word_1_15' title='bbox 121 775 218 828; x_wconf 71' lang='lat' dir='ltr'>Setun</span> <span class='ocrx_word' id='word_1_16' title='bbox 236 773 389 844; x_wconf 86' lang='lat' dir='ltr'><strong>lamenting</strong></span> <span class='ocrx_word' id='word_1_17' title='bbox 408 772 437 825; x_wconf 91' lang='lat' dir='ltr'>in</span> <span class='ocrx_word' id='word_1_18' title='bbox 456 771 576 826; x_wconf 92' lang='lat' dir='ltr'>solitude</span> <span class='ocrx_word' id='word_1_19' title='bbox 595 770 638 825; x_wconf 87' lang='lat' dir='ltr'>for</span> <span class='ocrx_word' id='word_1_20' title='bbox 650 772 695 825; x_wconf 94' lang='lat' dir='ltr'>his</span> <span class='ocrx_word' id='word_1_21' title='bbox 709 772 765 826; x_wconf 92' lang='lat' dir='ltr'>lost</span> <span class='ocrx_word' id='word_1_22' title='bbox 782 773 931 843; x_wconf 82' lang='lat' dir='ltr'>Eurydice,</span> <span class='ocrx_word' id='word_1_23' title='bbox 947 773 1079 843; x_wconf 89' lang='lat' dir='ltr'>Orpbeus</span> <span class='ocrx_word' id='word_1_24' title='bbox 1098 774 1119 826; x_wconf 90' lang='lat' dir='ltr'>is</span> 
     </span>
     <span class='ocr_line' id='line_1_5' title="bbox 67 859 1120 931; baseline -0.003 -17"><span class='ocrx_word' id='word_1_25' title='bbox 67 861 188 914; x_wconf 88' lang='lat' dir='ltr'>assailed</span> <span class='ocrx_word' id='word_1_26' title='bbox 209 862 238 913; x_wconf 88' lang='lat' dir='ltr'>in</span> <span class='ocrx_word' id='word_1_27' title='bbox 259 879 276 915; x_wconf 89' lang='lat' dir='ltr'>a</span> <span class='ocrx_word' id='word_1_28' title='bbox 300 860 394 931; x_wconf 85' lang='lat' dir='ltr'>frenzy</span> <span class='ocrx_word' id='word_1_29' title='bbox 414 859 453 930; x_wconf 90' lang='lat' dir='ltr'>by</span> <span class='ocrx_word' id='word_1_30' title='bbox 474 859 521 913; x_wconf 90' lang='lat' dir='ltr'>the</span> <span class='ocrx_word' id='word_1_31' title='bbox 540 875 649 913; x_wconf 83' lang='lat' dir='ltr'>women</span> <span class='ocrx_word' id='word_1_32' title='bbox 669 859 702 912; x_wconf 87' lang='lat' dir='ltr'>of</span> <span class='ocrx_word' id='word_1_33' title='bbox 716 859 833 927; x_wconf 84' lang='lat' dir='ltr'>Thrace,</span> <span class='ocrx_word' id='word_1_34' title='bbox 855 859 917 913; x_wconf 91' lang='lat' dir='ltr'>who</span> <span class='ocrx_word' id='word_1_35' title='bbox 938 867 999 914; x_wconf 89' lang='lat' dir='ltr'>tear</span> <span class='ocrx_word' id='word_1_36' title='bbox 1020 861 1076 913; x_wconf 89' lang='lat' dir='ltr'>him</span> <span class='ocrx_word' id='word_1_37' title='bbox 1095 861 1120 912; x_wconf 92' lang='lat' dir='ltr'>in</span> 
     </span>
     <span class='ocr_line' id='line_1_6' title="bbox 66 945 1120 1017; baseline 0.001 -19"><span class='ocrx_word' id='word_1_38' title='bbox 66 948 178 1015; x_wconf 87' lang='lat' dir='ltr'>pieces;</span> <span class='ocrx_word' id='word_1_39' title='bbox 198 965 230 1001; x_wconf 93' lang='lat' dir='ltr'>so</span> <span class='ocrx_word' id='word_1_40' title='bbox 246 949 305 1002; x_wconf 89' lang='lat' dir='ltr'>that</span> <span class='ocrx_word' id='word_1_41' title='bbox 318 949 398 1002; x_wconf 87' lang='lat' dir='ltr'>while</span> <span class='ocrx_word' id='word_1_42' title='bbox 417 947 462 1000; x_wconf 93' lang='lat' dir='ltr'>his</span> <span class='ocrx_word' id='word_1_43' title='bbox 482 945 558 1017; x_wconf 89' lang='lat' dir='ltr'>body</span> <span class='ocrx_word' id='word_1_44' title='bbox 570 947 595 998; x_wconf 91' lang='lat' dir='ltr'>is</span> <span class='ocrx_word' id='word_1_45' title='bbox 613 946 701 1000; x_wconf 90' lang='lat' dir='ltr'>borne</span> <span class='ocrx_word' id='word_1_46' title='bbox 720 962 795 1015; x_wconf 92' lang='lat' dir='ltr'>upon</span> <span class='ocrx_word' id='word_1_47' title='bbox 814 946 861 1000; x_wconf 91' lang='lat' dir='ltr'>the</span> <span class='ocrx_word' id='word_1_48' title='bbox 882 947 1008 1014; x_wconf 89' lang='lat' dir='ltr'>Hebrus,</span> <span class='ocrx_word' id='word_1_49' title='bbox 1022 948 1077 1001; x_wconf 89' lang='lat' dir='ltr'>and</span> <span class='ocrx_word' id='word_1_50' title='bbox 1094 956 1120 1000; x_wconf 92' lang='lat' dir='ltr'>to</span> 
     </span>
     <span class='ocr_line' id='line_1_7' title="bbox 66 1032 1121 1105; baseline 0 -18"><span class='ocrx_word' id='word_1_51' title='bbox 66 1036 113 1088; x_wconf 90' lang='lat' dir='ltr'>the</span> <span class='ocrx_word' id='word_1_52' title='bbox 127 1035 177 1089; x_wconf 93' lang='lat' dir='ltr'>isle</span> <span class='ocrx_word' id='word_1_53' title='bbox 191 1035 223 1089; x_wconf 85' lang='lat' dir='ltr'>oi</span> <span class='ocrx_word' id='word_1_54' title='bbox 240 1036 354 1101; x_wconf 82' lang='lat' dir='ltr'>Lesbos,</span> <span class='ocrx_word' id='word_1_55' title='bbox 369 1036 413 1088; x_wconf 94' lang='lat' dir='ltr'>his</span> <span class='ocrx_word' id='word_1_56' title='bbox 426 1034 515 1088; x_wconf 88' lang='lat' dir='ltr'>shade</span> <span class='ocrx_word' id='word_1_57' title='bbox 528 1033 657 1105; x_wconf 89' lang='lat' dir='ltr'>securely</span> <span class='ocrx_word' id='word_1_58' title='bbox 673 1032 750 1104; x_wconf 84' lang='lat' dir='ltr'>joins</span> <span class='ocrx_word' id='word_1_59' title='bbox 764 1034 823 1088; x_wconf 89' lang='lat' dir='ltr'>that</span> <span class='ocrx_word' id='word_1_60' title='bbox 841 1032 873 1087; x_wconf 83' lang='lat' dir='ltr'>oi</span> <span class='ocrx_word' id='word_1_61' title='bbox 888 1034 934 1087; x_wconf 92' lang='lat' dir='ltr'>his</span> <span class='ocrx_word' id='word_1_62' title='bbox 947 1033 1011 1088; x_wconf 82' lang='lat' dir='ltr'>wife</span> <span class='ocrx_word' id='word_1_63' title='bbox 1031 1036 1059 1087; x_wconf 94' lang='lat' dir='ltr'>in</span> <span class='ocrx_word' id='word_1_64' title='bbox 1077 1035 1121 1087; x_wconf 92' lang='lat' dir='ltr'>the</span> 
     </span>
     <span class='ocr_line' id='line_1_8' title="bbox 68 1121 1121 1193; baseline 0 -19"><span class='ocrx_word' id='word_1_65' title='bbox 68 1123 185 1193; x_wconf 87' lang='lat' dir='ltr'>Elysian</span> <span class='ocrx_word' id='word_1_66' title='bbox 206 1124 228 1175; x_wconf 86' lang='lat' dir='ltr'>F</span> <span class='ocrx_word' id='word_1_67' title='bbox 230 1123 299 1177; x_wconf 90' lang='lat' dir='ltr'>ields</span> <span class='ocrx_word' id='word_1_68' title='bbox 318 1124 381 1190; x_wconf 92' lang='lat' dir='ltr'>(XI.</span> <span class='ocrx_word' id='word_1_69' title='bbox 399 1122 493 1190; x_wconf 87' lang='lat'>1-66);</span> <span class='ocrx_word' id='word_1_70' title='bbox 514 1122 560 1175; x_wconf 90' lang='lat' dir='ltr'>the</span> <span class='ocrx_word' id='word_1_71' title='bbox 579 1137 688 1174; x_wconf 88' lang='lat' dir='ltr'>women</span> <span class='ocrx_word' id='word_1_72' title='bbox 701 1121 763 1174; x_wconf 88' lang='lat' dir='ltr'>who</span> <span class='ocrx_word' id='word_1_73' title='bbox 781 1121 837 1174; x_wconf 90' lang='lat' dir='ltr'>had</span> <span class='ocrx_word' id='word_1_74' title='bbox 856 1121 961 1174; x_wconf 86' lang='lat' dir='ltr'>caused</span> <span class='ocrx_word' id='word_1_75' title='bbox 978 1121 1025 1175; x_wconf 93' lang='lat' dir='ltr'>his</span> <span class='ocrx_word' id='word_1_76' title='bbox 1042 1121 1121 1174; x_wconf 88' lang='lat' dir='ltr'>death</span> 
     </span>
     <span class='ocr_line' id='line_1_9' title="bbox 25 1207 757 1281; baseline -0.004 -18"><span class='ocrx_word' id='word_1_77' title='bbox 25 1252 28 1256; x_wconf 87' lang='lat'><strong>.</strong></span> <span class='ocrx_word' id='word_1_78' title='bbox 67 1209 151 1278; x_wconf 86' lang='lat' dir='ltr'>being</span> <span class='ocrx_word' id='word_1_79' title='bbox 164 1211 201 1280; x_wconf 91' lang='lat' dir='ltr'>by</span> <span class='ocrx_word' id='word_1_80' title='bbox 213 1210 342 1264; x_wconf 90' lang='lat' dir='ltr'>Bacchus</span> <span class='ocrx_word' id='word_1_81' title='bbox 355 1209 483 1281; x_wconf 87' lang='lat' dir='ltr'>changed</span> <span class='ocrx_word' id='word_1_82' title='bbox 496 1218 525 1262; x_wconf 92' lang='lat' dir='ltr'>to</span> <span class='ocrx_word' id='word_1_83' title='bbox 538 1217 612 1262; x_wconf 89' lang='lat' dir='ltr'>trees</span> <span class='ocrx_word' id='word_1_84' title='bbox 628 1207 757 1278; x_wconf 85' lang='lat'>(67-84).</span> 
     </span>
    </p>
   </div>
   <div class='ocr_carea' id='block_1_5' title="bbox 55 1379 1124 3931">
    <p class='ocr_par' dir='ltr' id='par_1_5' title="bbox 142 1379 1033 1573">
     <span class='ocr_line' id='line_1_10' title="bbox 142 1379 1033 1466; baseline 0 -20"><span class='ocrx_word' id='word_1_85' title='bbox 142 1381 343 1448; x_wconf 88' lang='lat' dir='ltr'><strong>ARMINE</strong></span> <span class='ocrx_word' id='word_1_86' title='bbox 367 1383 448 1448; x_wconf 92' lang='lat' dir='ltr'>dum</span> <span class='ocrx_word' id='word_1_87' title='bbox 466 1382 524 1447; x_wconf 90' lang='lat' dir='ltr'>tali</span> <span class='ocrx_word' id='word_1_88' title='bbox 541 1382 646 1446; x_wconf 87' lang='lat' dir='ltr'>silvas</span> <span class='ocrx_word' id='word_1_89' title='bbox 664 1380 865 1466; x_wconf 89' lang='lat' dir='ltr'>animosque</span> <span class='ocrx_word' id='word_1_90' title='bbox 881 1379 1033 1446; x_wconf 88' lang='lat' dir='ltr'>serarum</span> 
     </span>
     <span class='ocr_line' id='line_1_11' title="bbox 164 1486 930 1573; baseline -0.004 -19"><span class='ocrx_word' id='word_1_91' title='bbox 164 1491 347 1554; x_wconf 85' lang='lat' dir='ltr'>Threicius</span> <span class='ocrx_word' id='word_1_92' title='bbox 366 1501 460 1554; x_wconf 91' lang='lat' dir='ltr'>vates</span> <span class='ocrx_word' id='word_1_93' title='bbox 477 1501 509 1554; x_wconf 94' lang='lat' dir='ltr'>et</span> <span class='ocrx_word' id='word_1_94' title='bbox 525 1509 611 1554; x_wconf 88' lang='lat' dir='ltr'>saxa</span> <span class='ocrx_word' id='word_1_95' title='bbox 629 1486 806 1573; x_wconf 88' lang='lat' dir='ltr'>sequentia</span> <span class='ocrx_word' id='word_1_96' title='bbox 823 1487 930 1562; x_wconf 89' lang='lat' dir='ltr'>ducit,</span> 
     </span>
    </p>

    <p class='ocr_par' dir='ltr' id='par_1_6' title="bbox 67 1594 1123 2326">
     <span class='ocr_line' id='line_1_12' title="bbox 70 1594 930 1680; baseline -0.006 -18"><span class='ocrx_word' id='word_1_97' title='bbox 70 1618 151 1662; x_wconf 92' lang='lat' dir='ltr'>ecce</span> <span class='ocrx_word' id='word_1_98' title='bbox 169 1619 274 1660; x_wconf 91' lang='lat' dir='ltr'>nurus</span> <span class='ocrx_word' id='word_1_99' title='bbox 292 1595 475 1671; x_wconf 85' lang='lat' dir='ltr'>Ciconum,</span> <span class='ocrx_word' id='word_1_100' title='bbox 493 1607 601 1661; x_wconf 88' lang='lat' dir='ltr'>tectae</span> <span class='ocrx_word' id='word_1_101' title='bbox 618 1594 797 1680; x_wconf 92' lang='lat' dir='ltr'>lymphata</span> <span class='ocrx_word' id='word_1_102' title='bbox 814 1594 930 1658; x_wconf 88' lang='lat' dir='ltr'>ferinis</span> 
     </span>
     <span class='ocr_line' id='line_1_13' title="bbox 68 1701 928 1790; baseline -0.006 -22"><span class='ocrx_word' id='word_1_103' title='bbox 68 1716 207 1790; x_wconf 83' lang='lat' dir='ltr'>pectora</span> <span class='ocrx_word' id='word_1_104' title='bbox 225 1704 422 1777; x_wconf 85' lang='lat' dir='ltr'>velleribus,</span> <span class='ocrx_word' id='word_1_105' title='bbox 441 1703 561 1767; x_wconf 94' lang='lat' dir='ltr'>tumuli</span> <span class='ocrx_word' id='word_1_106' title='bbox 579 1703 622 1768; x_wconf 91' lang='lat' dir='ltr'>de</span> <span class='ocrx_word' id='word_1_107' title='bbox 639 1701 765 1766; x_wconf 87' lang='lat' dir='ltr'>vertice</span> <span class='ocrx_word' id='word_1_108' title='bbox 784 1712 928 1773; x_wconf 91' lang='lat' dir='ltr'>cernunt</span> 
     </span>
     <span class='ocr_line' id='line_1_14' title="bbox 69 1807 1123 1896; baseline -0.007 -19"><span class='ocrx_word' id='word_1_109' title='bbox 69 1812 226 1895; x_wconf 90' lang='lat' dir='ltr'>Orphea,</span> <span class='ocrx_word' id='word_1_110' title='bbox 245 1810 415 1895; x_wconf 86' lang='lat' dir='ltr'>percussis</span> <span class='ocrx_word' id='word_1_111' title='bbox 432 1811 618 1896; x_wconf 73' lang='lat' dir='ltr'>sociantem</span> <span class='ocrx_word' id='word_1_112' title='bbox 636 1807 788 1873; x_wconf 90' lang='lat' dir='ltr'>carmina</span> <span class='ocrx_word' id='word_1_113' title='bbox 806 1807 929 1872; x_wconf 89' lang='lat' dir='ltr'>nervis.</span> <span class='ocrx_word' id='word_1_114' title='bbox 1107 1839 1123 1894; x_wconf 81' lang='lat'>5</span> 
     </span>
     <span class='ocr_line' id='line_1_15' title="bbox 68 1916 965 2004; baseline -0.003 -21"><span class='ocrx_word' id='word_1_115' title='bbox 68 1918 226 2004; x_wconf 88' lang='lat' dir='ltr'>equibus</span> <span class='ocrx_word' id='word_1_116' title='bbox 243 1939 325 1992; x_wconf 92' lang='lat' dir='ltr'>una,</span> <span class='ocrx_word' id='word_1_117' title='bbox 346 1918 455 1981; x_wconf 91' lang='lat' dir='ltr'>levem</span> <span class='ocrx_word' id='word_1_118' title='bbox 470 1917 599 2004; x_wconf 88' lang='lat' dir='ltr'>jactato</span> <span class='ocrx_word' id='word_1_119' title='bbox 617 1916 711 1980; x_wconf 90' lang='lat' dir='ltr'>crine</span> <span class='ocrx_word' id='word_1_120' title='bbox 728 1935 790 1999; x_wconf 91' lang='lat' dir='ltr'>per</span> <span class='ocrx_word' id='word_1_121' title='bbox 807 1934 941 1988; x_wconf 88' lang='lat' dir='ltr'>auram,</span> <span class='ocrx_word' id='word_1_122' title='bbox 962 1975 965 1980; x_wconf 89' lang='lat'><em>.</em></span> 
     </span>
     <span class='ocr_line' id='line_1_16' title="bbox 69 2020 1054 2106; baseline 0 -18"><span class='ocrx_word' id='word_1_123' title='bbox 69 2024 171 2100; x_wconf 89' lang='lat' dir='ltr'>‘En,&#39;</span> <span class='ocrx_word' id='word_1_124' title='bbox 188 2025 234 2089; x_wconf 90' lang='lat' dir='ltr'>ait</span> <span class='ocrx_word' id='word_1_125' title='bbox 252 2036 261 2064; x_wconf 79' lang='lat'><strong><em>⁶</em></strong></span> <span class='ocrx_word' id='word_1_126' title='bbox 277 2046 320 2088; x_wconf 91' lang='lat' dir='ltr'>en</span> <span class='ocrx_word' id='word_1_127' title='bbox 338 2024 395 2088; x_wconf 91' lang='lat' dir='ltr'>hic</span> <span class='ocrx_word' id='word_1_128' title='bbox 411 2035 462 2088; x_wconf 91' lang='lat' dir='ltr'>est</span> <span class='ocrx_word' id='word_1_129' title='bbox 478 2027 582 2088; x_wconf 90' lang='lat' dir='ltr'>nostri</span> <span class='ocrx_word' id='word_1_130' title='bbox 600 2033 812 2106; x_wconf 88' lang='lat' dir='ltr'>contemptor</span> <span class='ocrx_word' id='word_1_131' title='bbox 825 2020 850 2084; x_wconf 83' lang='lat' dir='ltr'>l’</span> <span class='ocrx_word' id='word_1_132' title='bbox 866 2031 899 2086; x_wconf 91' lang='lat' dir='ltr'>et</span> <span class='ocrx_word' id='word_1_133' title='bbox 916 2022 1054 2088; x_wconf 85' lang='lat' dir='ltr'>hastam</span> 
     </span>
     <span class='ocr_line' id='line_1_17' title="bbox 67 2130 752 2217; baseline -0.007 -20"><span class='ocrx_word' id='word_1_134' title='bbox 67 2132 154 2198; x_wconf 89' lang='lat' dir='ltr'>vatis</span> <span class='ocrx_word' id='word_1_135' title='bbox 172 2130 346 2217; x_wconf 88' lang='lat' dir='ltr'>Apollinei</span> <span class='ocrx_word' id='word_1_136' title='bbox 363 2131 496 2195; x_wconf 87' lang='lat' dir='ltr'>vocalia</span> <span class='ocrx_word' id='word_1_137' title='bbox 514 2130 604 2194; x_wconf 89' lang='lat' dir='ltr'>misit</span> <span class='ocrx_word' id='word_1_138' title='bbox 620 2130 654 2193; x_wconf 92' lang='lat' dir='ltr'>in</span> <span class='ocrx_word' id='word_1_139' title='bbox 671 2151 752 2193; x_wconf 90' lang='lat' dir='ltr'>ora:</span> 
     </span>
     <span class='ocr_line' id='line_1_18' title="bbox 68 2236 928 2326; baseline -0.005 -23"><span class='ocrx_word' id='word_1_140' title='bbox 68 2260 156 2326; x_wconf 89' lang='lat' dir='ltr'>quae</span> <span class='ocrx_word' id='word_1_141' title='bbox 174 2239 263 2303; x_wconf 80' lang='lat' dir='ltr'>soliis</span> <span class='ocrx_word' id='word_1_142' title='bbox 280 2251 439 2323; x_wconf 87' lang='lat' dir='ltr'>praesuta</span> <span class='ocrx_word' id='word_1_143' title='bbox 457 2250 571 2302; x_wconf 90' lang='lat' dir='ltr'>notam</span> <span class='ocrx_word' id='word_1_144' title='bbox 589 2237 662 2302; x_wconf 89' lang='lat' dir='ltr'>sine</span> <span class='ocrx_word' id='word_1_145' title='bbox 679 2237 821 2301; x_wconf 90' lang='lat' dir='ltr'>vulnere</span> <span class='ocrx_word' id='word_1_146' title='bbox 838 2236 928 2301; x_wconf 82' lang='lat' dir='ltr'>fecit.</span> 
     </span>
    </p>

    <p class='ocr_par' dir='ltr' id='par_1_7' title="bbox 68 2343 1124 2864">
     <span class='ocr_line' id='line_1_19' title="bbox 114 2343 1124 2430; baseline 0 -20"><span class='ocrx_word' id='word_1_147' title='bbox 114 2345 264 2410; x_wconf 91' lang='lat' dir='ltr'>Alterius</span> <span class='ocrx_word' id='word_1_148' title='bbox 282 2346 386 2410; x_wconf 90' lang='lat' dir='ltr'>telum</span> <span class='ocrx_word' id='word_1_149' title='bbox 404 2345 490 2428; x_wconf 92' lang='lat' dir='ltr'>lapis</span> <span class='ocrx_word' id='word_1_150' title='bbox 509 2355 571 2418; x_wconf 89' lang='lat' dir='ltr'>est,</span> <span class='ocrx_word' id='word_1_151' title='bbox 589 2344 645 2430; x_wconf 91' lang='lat' dir='ltr'>qui</span> <span class='ocrx_word' id='word_1_152' title='bbox 665 2344 801 2419; x_wconf 85' lang='lat' dir='ltr'>missus,</span> <span class='ocrx_word' id='word_1_153' title='bbox 820 2343 854 2408; x_wconf 93' lang='lat' dir='ltr'>in</span> <span class='ocrx_word' id='word_1_154' title='bbox 872 2344 947 2429; x_wconf 86' lang='lat' dir='ltr'>ipso</span> <span class='ocrx_word' id='word_1_155' title='bbox 1093 2376 1124 2417; x_wconf 84' lang='lat'>10</span> 
     </span>
     <span class='ocr_line' id='line_1_20' title="bbox 69 2451 901 2537; baseline 0 -20"><span class='ocrx_word' id='word_1_156' title='bbox 69 2458 149 2517; x_wconf 72' lang='lat' dir='ltr'>aere</span> <span class='ocrx_word' id='word_1_157' title='bbox 166 2464 333 2517; x_wconf 90' lang='lat' dir='ltr'>concentu</span> <span class='ocrx_word' id='word_1_158' title='bbox 351 2451 460 2515; x_wconf 90' lang='lat' dir='ltr'>victus</span> <span class='ocrx_word' id='word_1_159' title='bbox 477 2451 639 2537; x_wconf 89' lang='lat' dir='ltr'>vocisque</span> <span class='ocrx_word' id='word_1_160' title='bbox 656 2452 820 2537; x_wconf 82' lang='lat' dir='ltr'>lyraeque</span> <span class='ocrx_word' id='word_1_161' title='bbox 838 2462 901 2526; x_wconf 79' lang='lat' dir='ltr'>est,</span> 
     </span>
     <span class='ocr_line' id='line_1_21' title="bbox 72 2558 1015 2644; baseline 0.001 -19"><span class='ocrx_word' id='word_1_162' title='bbox 72 2580 114 2625; x_wconf 91' lang='lat' dir='ltr'>ac</span> <span class='ocrx_word' id='word_1_163' title='bbox 130 2559 232 2623; x_wconf 91' lang='lat' dir='ltr'>veluti</span> <span class='ocrx_word' id='word_1_164' title='bbox 250 2560 397 2643; x_wconf 87' lang='lat' dir='ltr'>supplex</span> <span class='ocrx_word' id='word_1_165' title='bbox 414 2569 560 2644; x_wconf 91' lang='lat' dir='ltr'>protam</span> <span class='ocrx_word' id='word_1_166' title='bbox 577 2558 756 2624; x_wconf 82' lang='lat' dir='ltr'>furialibus</span> <span class='ocrx_word' id='word_1_167' title='bbox 773 2561 867 2625; x_wconf 91' lang='lat' dir='ltr'>ausis</span> <span class='ocrx_word' id='word_1_168' title='bbox 908 2613 912 2624; x_wconf 92' lang='lat'>.</span> <span class='ocrx_word' id='word_1_169' title='bbox 1010 2610 1015 2618; x_wconf 87' lang='lat'><em>.</em></span> 
     </span>
     <span class='ocr_line' id='line_1_22' title="bbox 72 2663 1007 2752; baseline 0.005 -23"><span class='ocrx_word' id='word_1_170' title='bbox 72 2678 149 2730; x_wconf 89' lang='lat' dir='ltr'>ante</span> <span class='ocrx_word' id='word_1_171' title='bbox 167 2665 272 2750; x_wconf 91' lang='lat' dir='ltr'>pedes</span> <span class='ocrx_word' id='word_1_172' title='bbox 285 2664 404 2752; x_wconf 90' lang='lat' dir='ltr'>jacuit.</span> <span class='ocrx_word' id='word_1_173' title='bbox 454 2663 632 2728; x_wconf 91' lang='lat' dir='ltr'>Sedenim</span> <span class='ocrx_word' id='word_1_174' title='bbox 650 2667 831 2730; x_wconf 90' lang='lat' dir='ltr'>temeraria</span> <span class='ocrx_word' id='word_1_175' title='bbox 848 2680 1007 2734; x_wconf 91' lang='lat' dir='ltr'>crescunt</span> 
     </span>
     <span class='ocr_line' id='line_1_23' title="bbox 68 2771 997 2864; baseline 0.003 -27"><span class='ocrx_word' id='word_1_176' title='bbox 68 2773 173 2847; x_wconf 89' lang='lat' dir='ltr'>bella,</span> <span class='ocrx_word' id='word_1_177' title='bbox 193 2771 381 2857; x_wconf 91' lang='lat' dir='ltr'>modusque</span> <span class='ocrx_word' id='word_1_178' title='bbox 399 2772 492 2844; x_wconf 90' lang='lat' dir='ltr'>abiit,</span> <span class='ocrx_word' id='word_1_179' title='bbox 510 2771 701 2859; x_wconf 89' lang='lat' dir='ltr'>insanaque</span> <span class='ocrx_word' id='word_1_180' title='bbox 718 2787 841 2864; x_wconf 86' lang='lat' dir='ltr'>regnat</span> <span class='ocrx_word' id='word_1_181' title='bbox 858 2776 997 2863; x_wconf 88' lang='lat' dir='ltr'>Erinys.</span> 
     </span>
    </p>

    <p class='ocr_par' dir='ltr' id='par_1_8' title="bbox 66 2878 1124 3713">
     <span class='ocr_line' id='line_1_24' title="bbox 113 2878 1123 2973; baseline 0.007 -29"><span class='ocrx_word' id='word_1_182' title='bbox 113 2878 316 2964; x_wconf 91' lang='lat' dir='ltr'>Cunctaque</span> <span class='ocrx_word' id='word_1_183' title='bbox 333 2879 399 2947; x_wconf 89' lang='lat' dir='ltr'>tela</span> <span class='ocrx_word' id='word_1_184' title='bbox 417 2878 527 2943; x_wconf 90' lang='lat' dir='ltr'>sorent</span> <span class='ocrx_word' id='word_1_185' title='bbox 543 2891 645 2943; x_wconf 92' lang='lat' dir='ltr'>cantu</span> <span class='ocrx_word' id='word_1_186' title='bbox 664 2883 813 2959; x_wconf 84' lang='lat' dir='ltr'>mollita3</span> <span class='ocrx_word' id='word_1_187' title='bbox 839 2885 899 2949; x_wconf 91' lang='lat' dir='ltr'>sed</span> <span class='ocrx_word' id='word_1_188' title='bbox 917 2885 1042 2970; x_wconf 85' lang='lat' dir='ltr'>ingens</span> <span class='ocrx_word' id='word_1_189' title='bbox 1092 2917 1123 2973; x_wconf 73' lang='grc' dir='ltr'>ις</span> 
     </span>
     <span class='ocr_line' id='line_1_25' title="bbox 68 2985 867 3073; baseline 0.004 -22"><span class='ocrx_word' id='word_1_190' title='bbox 68 2987 199 3051; x_wconf 92' lang='lat' dir='ltr'>clamor</span> <span class='ocrx_word' id='word_1_191' title='bbox 216 2997 248 3049; x_wconf 93' lang='lat' dir='ltr'>et</span> <span class='ocrx_word' id='word_1_192' title='bbox 264 2985 407 3050; x_wconf 83' lang='lat' dir='ltr'>infracto</span> <span class='ocrx_word' id='word_1_193' title='bbox 425 2985 631 3073; x_wconf 90' lang='lat' dir='ltr'>Berecyntia</span> <span class='ocrx_word' id='word_1_194' title='bbox 648 2990 729 3054; x_wconf 90' lang='lat' dir='ltr'>tibia</span> <span class='ocrx_word' id='word_1_195' title='bbox 747 3012 867 3064; x_wconf 85' lang='lat' dir='ltr'>cornu,</span> 
     </span>
     <span class='ocr_line' id='line_1_26' title="bbox 66 3094 888 3179; baseline 0.005 -21"><span class='ocrx_word' id='word_1_196' title='bbox 66 3104 300 3179; x_wconf 92' lang='lat' dir='ltr'>tympanaque</span> <span class='ocrx_word' id='word_1_197' title='bbox 317 3104 349 3156; x_wconf 90' lang='lat' dir='ltr'>et</span> <span class='ocrx_word' id='word_1_198' title='bbox 365 3094 505 3178; x_wconf 82' lang='lat' dir='ltr'>plausus</span> <span class='ocrx_word' id='word_1_199' title='bbox 522 3107 555 3159; x_wconf 91' lang='lat' dir='ltr'>et</span> <span class='ocrx_word' id='word_1_200' title='bbox 572 3094 721 3162; x_wconf 88' lang='lat' dir='ltr'>Bacchei</span> <span class='ocrx_word' id='word_1_201' title='bbox 741 3098 888 3162; x_wconf 88' lang='lat' dir='ltr'>ululatus</span> 
     </span>
     <span class='ocr_line' id='line_1_27' title="bbox 67 3201 977 3290; baseline 0.002 -24"><span class='ocrx_word' id='word_1_202' title='bbox 67 3201 287 3283; x_wconf 88' lang='lat' dir='ltr'>obstrepuere</span> <span class='ocrx_word' id='word_1_203' title='bbox 304 3222 389 3264; x_wconf 93' lang='lat' dir='ltr'>sono</span> <span class='ocrx_word' id='word_1_204' title='bbox 406 3202 568 3266; x_wconf 88' lang='lat' dir='ltr'>citharae.</span> <span class='ocrx_word' id='word_1_205' title='bbox 618 3203 710 3277; x_wconf 83' lang='lat' dir='ltr'>Tum</span> <span class='ocrx_word' id='word_1_206' title='bbox 728 3203 874 3290; x_wconf 89' lang='lat' dir='ltr'>denique</span> <span class='ocrx_word' id='word_1_207' title='bbox 891 3225 977 3268; x_wconf 87' lang='lat' dir='ltr'>saxa</span> 
     </span>
     <span class='ocr_line' id='line_1_28' title="bbox 68 3308 812 3396; baseline 0 -25"><span class='ocrx_word' id='word_1_208' title='bbox 68 3329 135 3371; x_wconf 92' lang='lat' dir='ltr'>non</span> <span class='ocrx_word' id='word_1_209' title='bbox 153 3308 303 3371; x_wconf 87' lang='lat' dir='ltr'>exauditi</span> <span class='ocrx_word' id='word_1_210' title='bbox 322 3309 509 3373; x_wconf 90' lang='lat' dir='ltr'>rubuerunt</span> <span class='ocrx_word' id='word_1_211' title='bbox 526 3311 696 3396; x_wconf 87' lang='lat' dir='ltr'>sanguine</span> <span class='ocrx_word' id='word_1_212' title='bbox 713 3311 812 3374; x_wconf 91' lang='lat' dir='ltr'>vatis.</span> 
     </span>
     <span class='ocr_line' id='line_1_29' title="bbox 68 3413 1124 3498; baseline 0.003 -20"><span class='ocrx_word' id='word_1_213' title='bbox 68 3435 109 3478; x_wconf 91' lang='lat' dir='ltr'>ac</span> <span class='ocrx_word' id='word_1_214' title='bbox 126 3413 271 3498; x_wconf 92' lang='lat' dir='ltr'>primum</span> <span class='ocrx_word' id='word_1_215' title='bbox 291 3416 449 3479; x_wconf 90' lang='lat' dir='ltr'>attonitas</span> <span class='ocrx_word' id='word_1_216' title='bbox 466 3416 654 3480; x_wconf 82' lang='lat' dir='ltr'>etiamnum</span> <span class='ocrx_word' id='word_1_217' title='bbox 672 3437 756 3480; x_wconf 92' lang='lat' dir='ltr'>voce</span> <span class='ocrx_word' id='word_1_218' title='bbox 774 3416 927 3482; x_wconf 93' lang='lat' dir='ltr'>canentis</span> <span class='ocrx_word' id='word_1_219' title='bbox 1089 3451 1124 3490; x_wconf 84' lang='lat'>20</span> 
     </span>
     <span class='ocr_line' id='line_1_30' title="bbox 67 3521 1068 3609; baseline 0.003 -24"><span class='ocrx_word' id='word_1_220' title='bbox 67 3521 264 3585; x_wconf 90' lang='lat' dir='ltr'>innumeras</span> <span class='ocrx_word' id='word_1_221' title='bbox 281 3523 453 3593; x_wconf 87' lang='lat' dir='ltr'>volucres,</span> <span class='ocrx_word' id='word_1_222' title='bbox 472 3543 672 3608; x_wconf 85' lang='lat' dir='ltr'>anguesque</span> <span class='ocrx_word' id='word_1_223' title='bbox 690 3543 885 3609; x_wconf 79' lang='lat' dir='ltr'>agmenque</span> <span class='ocrx_word' id='word_1_224' title='bbox 902 3523 1068 3601; x_wconf 87' lang='lat' dir='ltr'>ferarum,</span> 
     </span>
     <span class='ocr_line' id='line_1_31' title="bbox 68 3625 911 3713; baseline 0 -22"><span class='ocrx_word' id='word_1_225' title='bbox 68 3625 260 3700; x_wconf 91' lang='lat' dir='ltr'>Maenades</span> <span class='ocrx_word' id='word_1_226' title='bbox 279 3627 410 3713; x_wconf 89' lang='lat' dir='ltr'>Orphei</span> <span class='ocrx_word' id='word_1_227' title='bbox 428 3629 560 3691; x_wconf 92' lang='lat' dir='ltr'>titulum</span> <span class='ocrx_word' id='word_1_228' title='bbox 578 3648 722 3711; x_wconf 81' lang='lat' dir='ltr'>rapuere</span> <span class='ocrx_word' id='word_1_229' title='bbox 740 3630 911 3713; x_wconf 92' lang='lat' dir='ltr'>triumphi.</span> 
     </span>
    </p>

    <p class='ocr_par' dir='ltr' id='par_1_9' title="bbox 55 3728 959 3931">
     <span class='ocr_line' id='line_1_32' title="bbox 112 3728 959 3819; baseline 0.002 -20"><span class='ocrx_word' id='word_1_230' title='bbox 112 3734 197 3801; x_wconf 93' lang='lat' dir='ltr'>Inde</span> <span class='ocrx_word' id='word_1_231' title='bbox 215 3735 399 3800; x_wconf 90' lang='lat' dir='ltr'>cruentatis</span> <span class='ocrx_word' id='word_1_232' title='bbox 418 3745 593 3797; x_wconf 90' lang='lat' dir='ltr'>vertuntur</span> <span class='ocrx_word' id='word_1_233' title='bbox 609 3734 644 3796; x_wconf 90' lang='lat' dir='ltr'>in</span> <span class='ocrx_word' id='word_1_234' title='bbox 662 3734 803 3819; x_wconf 90' lang='lat' dir='ltr'>Orphea</span> <span class='ocrx_word' id='word_1_235' title='bbox 820 3728 959 3813; x_wconf 55' lang='lat' dir='ltr'>dextris}</span> 
     </span>
     <span class='ocr_line' id='line_1_33' title="bbox 55 3841 910 3931; baseline 0.001 -28"><span class='ocrx_word' id='word_1_236' title='bbox 55 3853 94 3904; x_wconf 82' lang='lat' dir='ltr'>et</span> <span class='ocrx_word' id='word_1_237' title='bbox 105 3848 236 3907; x_wconf 66' lang='lat' dir='ltr'>coeunt</span> <span class='ocrx_word' id='word_1_238' title='bbox 250 3853 288 3907; x_wconf 88' lang='lat' dir='ltr'>ut</span> <span class='ocrx_word' id='word_1_239' title='bbox 303 3864 400 3919; x_wconf 81' lang='lat' dir='ltr'>ares,</span> <span class='ocrx_word' id='word_1_240' title='bbox 419 3841 449 3907; x_wconf 93' lang='lat' dir='ltr'>si</span> <span class='ocrx_word' id='word_1_241' title='bbox 467 3841 609 3931; x_wconf 85' lang='lat' dir='ltr'>quando</span> <span class='ocrx_word' id='word_1_242' title='bbox 624 3841 704 3906; x_wconf 91' lang='lat' dir='ltr'>luce</span> <span class='ocrx_word' id='word_1_243' title='bbox 719 3853 910 3930; x_wconf 74' lang='lat' dir='ltr'>uagantem</span> 
     </span>
    </p>
   </div>
   <div class='ocr_carea' id='block_1_6' title="bbox 0 0 1228 4134">
    <p class='ocr_par' dir='ltr' id='par_1_10' title="bbox 0 0 1228 4134">
     <span class='ocr_line' id='line_1_34' title="bbox 0 0 1228 4134; baseline 0 0"><span class='ocrx_word' id='word_1_244' title='bbox 0 0 1228 4134; x_wconf 95' lang='lat' dir='ltr'> </span> 
     </span>
    </p>
   </div>
  </div>
 </body>
</html>
