2444 4134
100 121 139 183 u.
153 129 256 202 70].
303 202 314 209 ξ
502 112 574 178 Tm
596 112 712 177 Fasu.

39 306 42 311 ’
91 305 152 374 Nu
164 319 282 375 noceat
297 311 454 376 turbasse
470 311 588 376 Iacuse
612 310 789 396 ignoscite,
808 308 991 397 nymphae,

124 417 213 482 Mota
230 418 326 503 quod
338 418 500 482 obscuras
517 417 650 503 ungula
658 417 750 498 socit
764 439 886 502 aquas.

92 522 142 600 Tu,
158 525 235 599 dea,
247 530 320 610 pro
337 525 433 587 uobis
439 525 562 606 sontes
567 525 794 608 fontanaque
803 523 911 610 placa

15 656 17 661 ·
117 629 293 708 Numiua;
319 639 357 693 tu
373 637 513 715 sparsos
523 636 595 716 per
611 651 729 693 neurus
745 651 843 693 omue
859 630 950 693 deos.
1075 646 1126 711 760

79 735 146 802 Nec
159 738 328 824 dryadas,
346 758 408 799 uec
424 758 486 799 uos
502 737 681 816 uideamus
698 736 800 799 labra
816 735 973 811 Dianae,

113 843 191 910 Nec
205 844 383 919 Faunum,
403 843 513 906 medio
531 864 606 906 cum
619 844 754 929 premit
769 865 858 906 arva
874 843 942 906 die.

74 950 164 1016 Pelle
181 952 316 1038 procul
327 953 481 1015 morbos:
508 949 651 1013 valeant
668 947 887 1035 hominesque
899 952 1108 1035 gregesque,

110 1058 163 1122 Et
177 1059 322 1122 valeant
335 1059 471 1144 vigiles,
485 1056 643 1143 provida
660 1056 778 1130 turba,
796 1077 909 1120 cauus.

68 1164 164 1231 Neve
180 1169 294 1230 miuus
309 1166 432 1230 multos
448 1165 606 1249 redigam
624 1183 728 1247 quam
745 1163 1018 1244 uzarsesueruut,
1074 1177 1123 1247 765

110 1271 214 1338 Neve
225 1294 363 1359 gemam
381 1274 536 1358 reserens
552 1269 684 1334 vellera
703 1275 809 1354 rapta
826 1269 921 1354 lupo.

65 1379 169 1444 Absit
185 1382 307 1465 miquo
314 1386 453 1467 sames:
477 1377 604 1443 herbae
608 1375 830 1460 frondesque
845 1376 1032 1461 supersint,

110 1487 285 1572 „Quaeque
301 1487 418 1551 lavent
434 1496 544 1566 artus,
561 1504 718 1571 quaeque
735 1482 910 1556 bibantur,
930 1503 1055 1567 aquae.

71 1592 192 1660 Ubera
203 1595 313 1681 plena
324 1601 506 1680 proruam:
532 1595 668 1674 reserat
683 1589 772 1653 mihi
785 1610 902 1652 caseus
919 1610 1017 1661 aera,

111 1700 278 1786 Demque
293 1702 386 1763 viam
402 1700 535 1786 liquido
551 1699 683 1762 uiuu'ua
700 1718 788 1760 rara
805 1717 894 1758 sero.
1073 1722 1126 1777 770

62 1807 242 1892 Lauaque
257 1808 449 1893 proveniat
463 1805 579 1870 nullas
594 1805 735 1869 laesura
746 1802 899 1890 puellos,

110 1913 235 1977 Mollis
252 1922 285 1977 et
300 1912 349 1977 act
362 1922 498 1977 teneros
515 1912 701 1999 quamlibet
717 1919 801 1997 apta
819 1931 953 1972 mauuS.

62 2019 172 2104 ,Quae
182 2027 326 2106 precor,
346 2021 525 2098 eoemaut;
550 2027 583 2083 et
599 2019 845 2102 nossaciaruus
862 2016 911 2079 ad
924 2038 1054 2081 anuum
1075 2046 1124 2104 775

111 2127 301 2191 Pastorum
318 2126 476 2190 dominae
486 2126 645 2213 grandia
661 2125 732 2189 liba
749 2124 843 2188 Pali.

65 2233 134 2297 His
152 2234 218 2298 dea
235 2234 405 2318 placanda
422 2246 493 2309 est3
519 2234 605 2298 haec
620 2243 656 2297 tu
673 2207 859 2298 conversus
877 2232 1031 2296 adortus

112 2341 180 2404 Dic
197 2354 328 2426 quater,
346 2353 379 2406 et
394 2341 472 2406 viv'o
489 2341 606 2427 perlue
624 2362 699 2405 rore
718 2361 851 2404 manus.

62 2448 159 2511 Tum
177 2447 256 2511 licet
274 2448 440 2532 adposita,
459 2447 562 2512 veluti
580 2459 723 2522 cratere,
744 2449 903 2523 camella,

110 2555 189 2618 Lac
206 2555 343 2618 niveum
360 2567 454 2639 potes
471 2576 748 2641 purpureamque
765 2576 906 2640 sapam3
1075 2575 1126 2640 780

64 2662 223 2749 Moxque
240 2683 301 2746 per
318 2662 475 2727 ardentes
492 2662 635 2746 stipulae
653 2663 849 2749 crepitantis
877 2685 1019 2732 acervos
1042 2709 1049 2723 ·

110 2768 271 2832 Traicias
289 2768 391 2832 celeri
408 2781 545 2833 strenua
562 2770 716 2834 membra
734 2772 835 2855 pede.

64 2875 254 2960 Expositus
271 2897 344 2941 mos
360 2886 430 2940 est:
456 2874 559 2941 moris
577 2877 659 2940 mihi
678 2890 782 2943 restat
799 2881 908 2968 origo.

110 2983 232 3047 Turba
249 2982 330 3048 sacit
345 2983 499 3057 dubium,
519 2997 708 3072 coeptaque
728 3000 841 3053 nostra
860 3002 961 3055 tenet.

64 3089 194 3155 Omnia
212 3101 336 3175 purgat
353 3091 442 3154 edax
460 3090 563 3176 ignis,
584 3095 770 3180 vitiumque
790 3097 936 3162 metallis
1074 3117 1122 3184 785

109 3195 303 3282 Excoquit:
328 3197 455 3263 idcirco
474 3221 552 3263 cum
571 3202 659 3267 duce
678 3215 802 3290 purgat
818 3202 913 3268 ovis?

65 3303 137 3378 An,
156 3303 237 3389 quia
255 3315 453 3370 cunctarum
474 3309 643 3374 contraria
661 3310 793 3374 semina
810 3332 923 3375 rerum

110 3408 201 3474 Sunt
217 3410 284 3477 duo
301 3411 490 3490 discordes,
511 3416 602 3504 ignis
620 3428 653 3480 et
669 3418 774 3490 unda,
794 3417 861 3493 dei,

58 3517 257 3603 Junxerunt
273 3519 442 3587 elementa
460 3536 586 3608 patres,
606 3537 790 3609 aptumque
808 3535 967 3609 putarunt

95 3624 257 3712 'Ignibus
274 3639 307 3694 et
322 3651 443 3716 sparsa
459 3643 601 3717 tangere
619 3651 742 3714 corpus
760 3629 871 3716 aqua?
1070 3661 1122 3718 790

61 3730 136 3807 An,
155 3735 249 3820 quod
260 3737 301 3804 ,in
317 3737 371 3802 his
387 3737 476 3800 vitae
494 3758 598 3801 causa
616 3748 676 3813 est,
695 3737 780 3800 haec
798 3737 943 3822 perdidit
959 3739 1070 3814 exsul,

100 3839 170 3900 Hie
183 3861 273 3902 aare
288 3843 329 3903 ut
343 3844 511 3929 conjunx,
532 3847 623 3913 haec
641 3849 717 3935 duo⁷
733 3871 867 3941 magna
883 3847 1025 3940 putanti.
