2444 4134
62 126 113 180 xl.
128 124 185 197 58.]
348 104 419 171 The
449 106 625 173 Thracian
649 104 839 170 Moenadcs.
1048 116 1110 187 105

61 305 166 370 noctis
184 326 285 369 avem
304 316 468 378 cemunt3
493 315 687 389 Structoque
704 303 873 387 utrimque
890 300 1021 365 theatro
1079 329 1112 384 25

61 433 121 476 ceu
138 410 307 475 matutina
325 431 447 474 cervus
464 409 633 495 periturus
651 429 756 473 arena

60 518 188 602 praeda
205 538 331 582 canum
350 528 414 591 est,
432 527 613 601 vatemque
630 495 761 601 petunt,
781 526 814 578 et
830 515 949 579 fronde
966 513 1113 578 virentes

59 625 233 689 coniciunt
248 625 399 710 thyrsos,
419 645 487 688 non
505 623 592 687 baec
609 623 644 686 in
661 642 806 685 munera
823 622 942 686 factos.

60 733 123 795 hae
141 731 280 818 glebas,
298 729 379 794 illae
397 729 546 814 direptos
564 729 687 793 arbore
703 749 830 801 ramos,

60 859 137 924 pars
154 849 315 924 torquent
330 836 453 901 silices
506 832 586 900 Neu
602 835 714 900 desint
729 835 797 898 tela
814 834 932 909 surori,
1081 866 1114 918 30

61 945 142 1008 sorte
160 945 268 1008 boves
284 964 403 1028 presso
420 941 626 1028 subigebant
641 962 779 1005 vomere
797 953 941 1014 terram3

61 1071 123 1115 nec
138 1050 261 1136 procul
279 1049 374 1124 hinc,
393 1050 499 1113 multo
517 1049 662 1112 fructum
681 1048 804 1112 sudore
822 1059 995 1132 parantes,

61 1159 145 1220 dura
163 1155 323 1220 lacertosi
340 1155 515 1221 fodiebant
531 1175 612 1218 arva
630 1153 753 1219 coloni.

61 1263 202 1350 agmine
220 1262 277 1348 qui
293 1261 368 1326 viso
385 1261 533 1348 fugiunt,
552 1261 733 1347 operisque
750 1260 945 1346 relinquunt

61 1391 157 1433 arma
174 1369 250 1443 sui3
276 1388 472 1454 vacuosque
486 1367 602 1455 jacent
618 1368 772 1452 dispersa
790 1389 851 1452 per
868 1389 971 1454 agros
990 1391 993 1396 ·
1081 1398 1113 1452 35

60 1477 267 1562 sarculaque
285 1475 452 1562 rastrique
469 1495 594 1563 graves
611 1473 775 1561 longique
793 1474 939 1560 ligones.

59 1605 148 1670 quae
167 1596 349 1670 postquam
367 1603 511 1667 rapuere
528 1582 635 1655 ferae,
655 1602 830 1667 cornuque
849 1580 1002 1646 minaces
1090 1667 1093 1672 .

58 1690 227 1778 divellere
243 1692 362 1763 boves,
382 1688 426 1753 ad
442 1687 529 1752 vatis
546 1688 615 1752 fata
632 1699 822 1762 recurrunt,

57 1798 327 1882 tendentemque
344 1815 467 1860 manus
484 1807 585 1881 atque
602 1794 661 1859 illo
677 1807 830 1879 tempore
846 1795 994 1879 primum

57 1905 155 1968 irrita
172 1901 356 1978 dicentem,
374 1901 637 1988 necquicquam
656 1922 740 1966 voce
758 1913 963 1977 moventem,
1080 1933 1115 1985 40

58 2010 254 2096 sacrilegae
272 2009 463 2093 perimunt;
488 2030 617 2095 perque
633 2031 686 2084 os,
704 2031 766 2094 pro
778 2008 956 2095 Juppiterl
980 2010 1078 2084 illud,

59 2117 216 2181 auditum
233 2115 327 2181 saxis
343 2115 620 2203 intellectumque
638 2117 787 2181 ferarum

59 2224 234 2298 sensibus,
252 2223 287 2287 in
303 2234 423 2288 ventos
440 2223 555 2288 anima
572 2225 733 2288 exhalata
750 2226 901 2290 recessit.

105 2330 161 2394 Te
179 2341 330 2395 maestae
346 2331 515 2405 volucres,
537 2330 693 2417 Orpheu,
712 2343 744 2397 te
762 2334 860 2398 turba
877 2334 1041 2408 serarum,

58 2450 92 2504 te
110 2438 214 2526 rigidi
231 2438 358 2514 silices,
376 2449 408 2503 te
427 2439 578 2504 carmina
596 2461 700 2525 saepe
717 2453 854 2506 secutae
1033 2459 1035 2464 ’
1081 2473 1114 2529 45

58 2547 230 2612 fleverunt
247 2548 375 2622 silvae;
402 2543 518 2634 positis
534 2561 567 2614 te
584 2549 760 2614 frondibus
778 2553 878 2616 arbos

58 2668 160 2721 tonsa
178 2677 313 2721 comam
329 2656 417 2722 luxit
427 2680 436 2732 ;
461 2657 611 2722 lacrimis
625 2679 762 2748 quoque
779 2659 922 2724 flumina
938 2659 1056 2725 dicunt

59 2762 250 2829 increvisse
267 2764 350 2836 suis,
369 2765 594 2851 obstrusaque
612 2767 755 2830 carbasa
774 2768 868 2852 pullo

60 2870 185 2936 naides
201 2880 236 2936 et
250 2871 401 2957 dryades
418 2893 605 2960 passosque
623 2874 775 2938 habuere
792 2875 948 2960 capillos.

62 2979 219 3042 membra
232 2976 348 3065 jacent
364 2977 498 3044 diversa
516 2980 622 3045 locis:
650 2994 765 3067 caput,
786 2982 916 3057 Hebre,
935 2975 1114 3070 lyramque

61 3083 216 3168 excipis3
242 3096 287 3159 et,
306 3084 451 3150 miruml
478 3088 590 3151 medio
607 3089 687 3152 dum
707 3090 829 3154 labitur
846 3113 960 3164 amne,

59 3190 177 3255 flebile
192 3191 309 3256 nescio
325 3191 407 3279 quid
423 3192 575 3278 queritur
590 3195 678 3280 lyra,
696 3195 809 3260 flebile
826 3197 946 3284 lingua

61 3308 255 3361 murmurat
271 3298 454 3374 exanimis,
473 3302 680 3384 respondent
696 3300 809 3368 flebile
827 3305 934 3389 ripae.

57 3404 202 3492 jamque
219 3425 314 3468 mare
330 3403 484 3470 invectae
500 3404 627 3470 flumen
646 3410 811 3493 populare
829 3411 1035 3498 relinquunt,

61 3521 96 3575 et
112 3507 385 3596 Methymnaeae
402 3511 574 3596 potiuntur
591 3513 686 3578 litore
704 3514 822 3580 Lesbi.
1083 3551 1114 3607 55

61 3617 120 3681 hic
136 3617 230 3681 ferus
247 3616 439 3702 expositum
456 3619 647 3706 peregrinis
666 3622 789 3708 anguis
807 3625 920 3690 arenis

60 3745 101 3788 os
118 3721 203 3808 petit
217 3733 250 3787 et
265 3744 403 3808 sparsos
420 3724 558 3788 stillanti
576 3747 651 3790 rore
668 3727 823 3813 capillos.

56 3828 196 3936 tandem
208 3826 373 3892 Phoebus
386 3829 496 3906 adest,
518 3853 727 3928 morsusque
745 3838 876 3910 inferre
892 3854 1080 3934 parantem
