2444 4134
67 163 246 236 x111.398.]
297 144 397 234 Ajax
418 147 512 247 slays
533 147 682 232 himself
695 152 732 213 in
766 147 898 214 Wrath.
1055 166 1119 235 129

65 354 135 407 este
155 342 222 406 mei
241 342 432 409 memoresi
459 355 517 409 aut
532 345 560 410 si
578 345 660 409 mihi
677 367 746 410 non
763 345 851 410 datis
867 365 977 420 arma,
1067 361 1119 428 380

66 450 148 514 huic
165 449 244 514 date
258 450 342 513 1'-
353 461 386 516 et
401 452 548 516 ostendit
564 451 700 538 signum
719 452 822 516 fatale
839 450 1033 515 Minervae.

110 556 210 621 Mota
229 579 351 622 manus
369 579 549 643 procerum
566 573 630 633 est,
649 559 779 645 etquid
796 557 958 622 facundia
974 568 1101 642 posset,

65 685 101 728 re
119 664 249 749 patuit3
275 664 438 751 fortisque
454 663 516 727 viri
533 665 608 728 tulit
625 685 720 729 arma
737 665 892 730 disertus.

67 769 220 835 Hectora
237 770 295 857 qui
312 772 418 845 solus,
437 769 495 857 qui
513 771 654 846 serrum,
672 771 852 858 ignesque,
866 770 1058 856 Jovemque

65 877 225 941 sustinuit
240 877 376 952 totiens,
394 898 500 941 unam
517 898 586 942 non
603 878 744 942 sustinet
760 877 845 941 iram
860 884 889 938 :‘
1067 893 1127 962 385,

64 984 300 1070 invictumque
316 984 427 1047 virum
444 983 550 1049 vincit
565 985 673 1048 dolor.
723 981 854 1068 Arripit
869 1004 1001 1057 ensem,

64 1101 98 1155 et
114 1101 124 1130 ‘
141 1090 247 1155 Meus
260 1091 316 1154 hic
328 1103 420 1155 certe
433 1103 494 1156 est.
542 1088 602 1155 An
615 1101 648 1155 et
664 1091 756 1155 hunc
772 1090 835 1154 sibi
853 1090 961 1175 poscit
973 1086 1119 1156 Ulixes?

65 1197 155 1262 hoc'
172 1199 220 1262 ait
237 1198 425 1263 ‘utendum
445 1197 546 1262 estin
564 1217 618 1263 me
635 1196 741 1272 mihi3
766 1196 892 1283 quique
908 1216 1028 1261 cruore

64 1327 170 1390 saepe
188 1304 370 1392 Phrygum
390 1305 531 1379 maduit,
550 1304 680 1370 domini
697 1324 790 1368 nunc
806 1303 912 1368 caede
931 1302 1094 1378 madebit,

65 1413 310 1498 nequisquam
326 1411 473 1501 Ajacem
491 1412 598 1498 possit
613 1431 788 1495 superare,
808 1410 872 1474 nisi
889 1408 1007 1497 Ajax.’
1068 1441 1119 1495 390

64 1520 164 1595 dixit,
185 1519 270 1584 etin
286 1531 406 1605 pectus
421 1531 493 1584 tum
510 1520 649 1584 demum
666 1518 808 1582 vulnera
826 1537 966 1602 passum

63 1648 133 1712 qua
150 1625 259 1712 patuit
274 1626 416 1702 ferrum,
434 1627 570 1691 letalem
587 1624 739 1691 condidit
755 1645 885 1689 ensem.

64 1754 131 1797 nec
147 1733 288 1796 valuere
305 1753 428 1799 manus
441 1732 587 1797 infixum
604 1732 751 1797 educere
767 1731 893 1796 telum:

64 1838 200 1924 expulit
215 1838 289 1923 ipse
306 1860 406 1904 cruor
416 1860 425 1913 ;
451 1839 695 1924 rubefactaque
712 1837 882 1925 sanguine
898 1837 999 1903 tellus

65 1966 279 2032 purpureum
294 1945 395 2011 viridi
411 1946 531 2034 genuit
546 1927 733 2031 de'cespite
749 1945 882 2021 florem,
1067 1976 1118 2034 395

65 2053 124 2139 qui
142 2051 238 2138 prius
255 2051 401 2118 Oebalio
416 2052 528 2118 fuerat
544 2053 586 2118 de
602 2054 745 2118 vulnere
761 2067 869 2117 natus

65 2161 178 2224 littera
196 2161 388 2224 communis
404 2160 525 2230 mediis
542 2182 715 2246 pueroque
733 2160 872 2246 viroque

65 2266 233 2350 inscripta
249 2277 301 2330 est
316 2266 425 2332 foliis:
451 2267 539 2332 haec
555 2267 716 2344 nominis,
734 2267 793 2331 illa
808 2266 995 2356 querellae.
