2444 4134
149 138 220 198 ιιιιι,
233 141 308 215 353]
443 122 547 234 Song
565 126 614 207 of
625 124 869 213 Polyphemus.
1119 150 1179 210 ιιι

141 321 258 388 arbutei
275 322 385 387 setusr
409 320 526 387 omnis·
536 320 595 386 tibi
612 302 737 387 serviet
752 323 869 387 arbos.
1130 338 1181 393 820

111 448 116 468 ¹
174 430 280 497 ‘Hoc
304 451 410 516 pecus
434 451 536 495 omne
559 451 672 495 meum
689 442 760 496 est:
787 430 914 494 multae
930 449 1067 516 quoque
1083 430 1178 494 valli-

261 538 327 602 bus
343 546 470 612 errant,

129 645 250 708 multas
267 643 355 708 silva
373 643 473 730 tegit,
492 643 619 707 multae
636 643 850 707 stabulantur
865 640 900 706 in
918 642 1023 708 antris
1033 665 1043 719 ι

126 772 200 826 nec,
220 750 249 815 si
268 751 353 814 sorte
370 770 486 836 roges,
505 749 634 834 possim
650 748 709 813 tibi
727 749 842 812 dicere
859 760 942 834 quot
957 749 1043 814 sint:

124 857 287 944 pauperis
305 867 354 941 est
370 876 552 920 numerare
569 876 686 940 pecus.
736 853 791 918 De
808 855 967 921 laudibus
985 857 1105 920 harurn

123 964 169 1028 nil
188 962 273 1026 mihi
292 961 499 1027 credideris:
524 982 688 1046 praesens
705 972 801 1045 potes
818 960 892 1046 ipsa
908 962 1039 1039 videre,
1127 984 1177 1050 8²5

123 1081 158 1134 ut
174 1070 235 1133 vix
253 1069 465 1134 circumeant
481 1067 665 1131 distentum
683 1067 839 1132 cruribus
856 1069 952 1133 uber.

124 1188 214 1252 sunt,
233 1175 344 1240 fetura
363 1175 487 1249 minor,
504 1174 627 1258 tepidis
643 1173 679 1237 in
695 1173 841 1239 ovilibus
859 1175 963 1262 agni;

124 1295 201 1348 sunt
217 1302 370 1369 quoque,
390 1292 575 1366 paranetas,
594 1279 670 1343 aliis
686 1278 721 1342 in
738 1281 885 1346 ovilibus
902 1283 1019 1347 haedi.

123 1391 179 1454 lac
195 1390 281 1453 mihi
299 1409 435 1472 semper
452 1388 547 1451 adest
564 1386 724 1451 niveum:
750 1408 829 1472 pars
847 1389 926 1453 inde
943 1390 1090 1454 bibenda

123 1509 294 1570 servatur,
313 1507 444 1580 partem
462 1493 645 1579 liquefacta
662 1495 810 1580 coagula
828 1496 961 1560 durant,
1126 1513 1178 1579 830

99 1614 103 1621 “
170 1602 274 1667 ‘Nec
291 1601 350 1666 tibi
367 1600 511 1666 deliciae
528 1599 659 1673 faciles,
678 1601 886 1688 vulgataque
903 1614 1032 1666 tantum

123 1731 269 1773 munera
288 1708 498 1795 contingent,
518 1707 691 1781 dammae,
710 1707 925 1794 leporesque,
945 1729 1129 1796 caperque,

122 1838 230 1902 parve
248 1816 498 1888 columbarum,
517 1812 718 1897 demptusve
735 1816 914 1879 cacumine
932 1816 1044 1880 nidus.

122 1921 240 1986 inveni
258 1921 428 2009 geminos,
446 1921 503 2006 qui
521 1931 634 1983 tecum
653 1921 771 1986 ludere
789 1922 932 2007 possint,

122 2028 211 2093 inter
228 2050 265 2093 se
282 2028 423 2103 similes,
442 2027 500 2091 vix
517 2038 553 2091 ut
569 2027 773 2114 dignoscere
791 2029 913 2114 possis,
1127 2049 1177 2116 835

121 2136 267 2199 villosae
285 2135 415 2199 catulos
431 2134 464 2196 in
483 2133 625 2198 summis
644 2135 813 2200 montibus
831 2157 952 2212 ursae3

122 2241 254 2316 inveni,
274 2251 307 2304 et
323 2240 394 2305 dixi
410 2239 586 2304 Dominae
600 2242 815 2305 servabimus
831 2243 923 2306 istos.

118 2349 193 2438 jam
214 2348 315 2412 modo
332 2347 490 2411 caeruleo
507 2345 650 2411 nitidum
668 2359 772 2433 caput
788 2370 909 2414 exsere
927 2363 1043 2436 ponto,

118 2454 209 2545 jam,
228 2453 387 2529 Galatea,
405 2453 496 2528 veni,
516 2473 581 2517 nec
597 2475 739 2519 munera
756 2455 895 2538 despice
913 2468 1040 2520 nostra.

171 2572 180 2601 ⁶
198 2558 300 2626 Certe
316 2580 384 2647 ego
401 2580 455 2623 me
471 2559 564 2635 novi,
579 2560 798 2647 liquidaeque
815 2561 850 2625 in
866 2562 1019 2649 imagine
1037 2564 1106 2628 vidi
1127 2581 1179 2646 840

123 2688 236 2753 nuper
253 2687 381 2754 aquaea
397 2665 592 2753 placuitque
609 2667 692 2731 mihi
711 2689 787 2732 mea
804 2667 913 2732 forma
931 2669 1070 2733 videnti.

123 2775 257 2861 aspice,
276 2775 339 2840 sim
357 2786 526 2861 quantus:
551 2785 688 2839 nonest
705 2775 770 2838 hoc
787 2795 929 2858 corpore
947 2776 1056 2862 major

118 2880 280 2968 Juppiter
295 2881 330 2945 in
347 2882 445 2946 caelo
456 2918 502 2930 —
514 2903 594 2946 narn
611 2903 673 2946 vos
690 2901 828 2945 narrare
846 2881 961 2947 soletis

123 2989 362 3074 nescioquem
379 2987 672 3075 regnareJovem.
724 2985 833 3053 Coma
851 2989 997 3072 plurima
1015 3000 1127 3054 torvos

123 3095 297 3180 prominet
311 3093 347 3158 in
362 3095 488 3167 vultus,
508 3096 748 3182 humerosque,
769 3108 804 3158 ut
821 3096 931 3170 lucus,
950 3098 1141 3160 obumbrat.

125 3221 192 3265 nec
209 3200 292 3263 mihi
308 3201 399 3287 quod
416 3200 535 3286 rigidis
553 3201 690 3266 horrent
706 3202 909 3267 densissima
928 3204 1028 3267 saetis

125 3327 285 3392 corpora,
304 3317 401 3391 turpe
417 3318 512 3391 puta.
559 3307 687 3393 Turpis
704 3310 778 3373 sine
797 3310 972 3374 frondibus
992 3312 1112 3383 arbor3

124 3413 235 3499 turpis
252 3432 373 3498 equus,
391 3412 456 3477 nisi
473 3413 562 3477 colla
575 3412 679 3501 jubae
695 3413 856 3479 flaventia
875 3417 1009 3488 velent3

125 3519 235 3584 barba
252 3518 343 3583 viros
360 3518 536 3605 hirtaeque
553 3519 676 3583 decent
691 3520 726 3583 in
744 3541 885 3606 corpore
904 3535 1031 3588 saetae.
1129 3541 1143 3589 8

124 3648 236 3693 unum
252 3624 355 3689 estin
371 3625 484 3690 media
500 3626 617 3690 lumen
634 3626 717 3691 mihi
735 3628 856 3703 fronte,
876 3631 936 3694 sed
954 3630 1060 3692 instar

125 3732 278 3821 ingentis
294 3731 409 3817 clipei.
457 3729 576 3815 Qrid?
600 3754 669 3797 non
687 3733 905 3799 haecomnia
923 3756 1051 3824 magno

116 3838 174 3898 sol
189 3836 279 3897 ridet
290 3855 312 3899 e
326 3836 451 3902 caelo?
470 3837 538 3905 soli
556 3851 675 3910 tamen
693 3842 821 3913 unicus
837 3845 948 3914 orbis.

652 4010 767 4125 s
