<?xml version="1.0" encoding="UTF-8"?>
<!DOCTYPE html PUBLIC "-//W3C//DTD XHTML 1.0 Transitional//EN"
    "http://www.w3.org/TR/xhtml1/DTD/xhtml1-transitional.dtd">
<html xmlns="http://www.w3.org/1999/xhtml" xml:lang="en" lang="en">
 <head>
  <title>
</title>
<meta http-equiv="Content-Type" content="text/html;charset=utf-8" />
  <meta name='ocr-system' content='tesseract 3.04.00' />
  <meta name='ocr-capabilities' content='ocr_page ocr_carea ocr_par ocr_line ocrx_word'/>
</head>
<body>
  <div class='ocr_page' id='page_1' title='image "./publiovidinason00allegoog/publiovidinason00allegoog_0043.png"; bbox 0 0 2444 4134; ppageno 0'>
   <div class='ocr_carea' id='block_1_1' title="bbox 120 131 1172 218">
    <p class='ocr_par' dir='ltr' id='par_1_1' title="bbox 120 131 1172 218">
     <span class='ocr_line' id='line_1_1' title="bbox 120 131 1172 218; baseline 0.006 -22"><span class='ocrx_word' id='word_1_1' title='bbox 120 133 163 197; x_wconf 88' lang='lat'>28</span> <span class='ocrx_word' id='word_1_2' title='bbox 311 153 349 196; x_wconf 87' lang='lat'>11.</span> <span class='ocrx_word' id='word_1_3' title='bbox 391 132 461 198; x_wconf 81' lang='lat' dir='ltr'>The</span> <span class='ocrx_word' id='word_1_4' title='bbox 484 133 690 200; x_wconf 78' lang='lat' dir='ltr'><em>Adventare</em></span> <span class='ocrx_word' id='word_1_5' title='bbox 713 134 760 207; x_wconf 84' lang='lat' dir='ltr'>of</span> <span class='ocrx_word' id='word_1_6' title='bbox 774 131 967 197; x_wconf 59' lang='lat' dir='ltr'>Phaethon.</span> <span class='ocrx_word' id='word_1_7' title='bbox 1029 147 1172 218; x_wconf 71' lang='lat' dir='ltr'>[ME-rm.</span> 
     </span>
    </p>
   </div>
   <div class='ocr_carea' id='block_1_2' title="bbox 38 327 1168 3942">
    <p class='ocr_par' dir='ltr' id='par_1_2' title="bbox 118 327 931 404">
     <span class='ocr_line' id='line_1_2' title="bbox 118 327 931 404; baseline -0.004 -11"><span class='ocrx_word' id='word_1_8' title='bbox 118 328 261 404; x_wconf 89' lang='lat' dir='ltr'>intonat,</span> <span class='ocrx_word' id='word_1_9' title='bbox 281 341 313 393; x_wconf 91' lang='lat' dir='ltr'>et</span> <span class='ocrx_word' id='word_1_10' title='bbox 329 330 449 393; x_wconf 87' lang='lat' dir='ltr'>dextra</span> <span class='ocrx_word' id='word_1_11' title='bbox 466 327 624 394; x_wconf 87' lang='lat' dir='ltr'>libratum</span> <span class='ocrx_word' id='word_1_12' title='bbox 642 330 771 393; x_wconf 85' lang='lat' dir='ltr'>fulmen</span> <span class='ocrx_word' id='word_1_13' title='bbox 789 330 831 393; x_wconf 88' lang='lat' dir='ltr'>ab</span> <span class='ocrx_word' id='word_1_14' title='bbox 850 349 931 391; x_wconf 90' lang='lat' dir='ltr'>aure</span> 
     </span>
    </p>

    <p class='ocr_par' dir='ltr' id='par_1_3' title="bbox 119 434 1028 522">
     <span class='ocr_line' id='line_1_3' title="bbox 119 434 1028 522; baseline 0.002 -24"><span class='ocrx_word' id='word_1_15' title='bbox 119 434 210 501; x_wconf 88' lang='lat' dir='ltr'><strong>misit</strong></span> <span class='ocrx_word' id='word_1_16' title='bbox 225 435 259 498; x_wconf 92' lang='lat' dir='ltr'>in</span> <span class='ocrx_word' id='word_1_17' title='bbox 277 436 448 522; x_wconf 87' lang='lat' dir='ltr'>aurigam,</span> <span class='ocrx_word' id='word_1_18' title='bbox 467 437 660 522; x_wconf 85' lang='lat' dir='ltr'>pariterque</span> <span class='ocrx_word' id='word_1_19' title='bbox 678 437 860 522; x_wconf 91' lang='lat' dir='ltr'>animaque</span> <span class='ocrx_word' id='word_1_20' title='bbox 879 435 1028 521; x_wconf 88' lang='lat' dir='ltr'>rotisque</span> 
     </span>
    </p>

    <p class='ocr_par' dir='ltr' id='par_1_4' title="bbox 119 541 949 629">
     <span class='ocr_line' id='line_1_4' title="bbox 119 541 949 629; baseline -0.005 -23"><span class='ocrx_word' id='word_1_21' title='bbox 119 542 262 626; x_wconf 85' lang='lat' dir='ltr'>expulit,</span> <span class='ocrx_word' id='word_1_22' title='bbox 280 553 314 605; x_wconf 89' lang='lat' dir='ltr'>et</span> <span class='ocrx_word' id='word_1_23' title='bbox 329 542 439 606; x_wconf 90' lang='lat' dir='ltr'>saevis</span> <span class='ocrx_word' id='word_1_24' title='bbox 456 543 666 627; x_wconf 87' lang='lat' dir='ltr'>compescuit</span> <span class='ocrx_word' id='word_1_25' title='bbox 683 542 820 629; x_wconf 82' lang='lat' dir='ltr'><strong>ignibus</strong></span> <span class='ocrx_word' id='word_1_26' title='bbox 838 541 949 627; x_wconf 84' lang='lat' dir='ltr'>ignes.</span> 
     </span>
    </p>

    <p class='ocr_par' dir='ltr' id='par_1_5' title="bbox 118 647 989 734">
     <span class='ocr_line' id='line_1_5' title="bbox 118 647 989 734; baseline 0.002 -23"><span class='ocrx_word' id='word_1_27' title='bbox 118 658 378 712; x_wconf 85' lang='lat' dir='ltr'>consternantur</span> <span class='ocrx_word' id='word_1_28' title='bbox 394 649 485 734; x_wconf 90' lang='lat' dir='ltr'>equi,</span> <span class='ocrx_word' id='word_1_29' title='bbox 504 659 537 712; x_wconf 90' lang='lat' dir='ltr'>et</span> <span class='ocrx_word' id='word_1_30' title='bbox 553 649 641 713; x_wconf 88' lang='lat' dir='ltr'>saltu</span> <span class='ocrx_word' id='word_1_31' title='bbox 657 649 693 711; x_wconf 91' lang='lat' dir='ltr'>in</span> <span class='ocrx_word' id='word_1_32' title='bbox 711 648 880 712; x_wconf 89' lang='lat' dir='ltr'>contraria</span> <span class='ocrx_word' id='word_1_33' title='bbox 898 647 989 713; x_wconf 81' lang='lat' dir='ltr'>facto</span> 
     </span>
    </p>

    <p class='ocr_par' dir='ltr' id='par_1_6' title="bbox 118 753 1168 844">
     <span class='ocr_line' id='line_1_6' title="bbox 118 753 1168 844; baseline 0.003 -26"><span class='ocrx_word' id='word_1_34' title='bbox 118 754 206 818; x_wconf 93' lang='lat' dir='ltr'>colla</span> <span class='ocrx_word' id='word_1_35' title='bbox 219 753 305 841; x_wconf 86' lang='lat' dir='ltr'>jugo</span> <span class='ocrx_word' id='word_1_36' title='bbox 321 754 480 839; x_wconf 92' lang='lat' dir='ltr'>eripiunt,</span> <span class='ocrx_word' id='word_1_37' title='bbox 500 755 711 840; x_wconf 81' lang='lat' dir='ltr'>abruptaque</span> <span class='ocrx_word' id='word_1_38' title='bbox 729 756 800 819; x_wconf 90' lang='lat' dir='ltr'>lora</span> <span class='ocrx_word' id='word_1_39' title='bbox 819 756 1025 842; x_wconf 87' lang='lat' dir='ltr'>relinquunt.</span> <span class='ocrx_word' id='word_1_40' title='bbox 1119 789 1168 844; x_wconf 79' lang='lat'>315</span> 
     </span>
    </p>

    <p class='ocr_par' dir='ltr' id='par_1_7' title="bbox 117 861 856 948">
     <span class='ocr_line' id='line_1_7' title="bbox 117 861 856 948; baseline 0.003 -24"><span class='ocrx_word' id='word_1_41' title='bbox 117 861 187 925; x_wconf 93' lang='lat' dir='ltr'>illic</span> <span class='ocrx_word' id='word_1_42' title='bbox 203 861 300 924; x_wconf 88' lang='lat' dir='ltr'>srena</span> <span class='ocrx_word' id='word_1_43' title='bbox 312 861 442 948; x_wconf 88' lang='lat' dir='ltr'>jacent,</span> <span class='ocrx_word' id='word_1_44' title='bbox 460 861 530 925; x_wconf 91' lang='lat' dir='ltr'>illic</span> <span class='ocrx_word' id='word_1_45' title='bbox 546 874 681 926; x_wconf 89' lang='lat' dir='ltr'>temone</span> <span class='ocrx_word' id='word_1_46' title='bbox 699 863 856 926; x_wconf 87' lang='lat' dir='ltr'>revulsus</span> 
     </span>
    </p>

    <p class='ocr_par' dir='ltr' id='par_1_8' title="bbox 118 967 941 1052">
     <span class='ocr_line' id='line_1_8' title="bbox 118 967 941 1052; baseline 0.002 -22"><span class='ocrx_word' id='word_1_47' title='bbox 118 967 206 1040; x_wconf 72' lang='lat' dir='ltr'>exie,</span> <span class='ocrx_word' id='word_1_48' title='bbox 225 967 258 1030; x_wconf 91' lang='lat' dir='ltr'>in</span> <span class='ocrx_word' id='word_1_49' title='bbox 278 968 343 1029; x_wconf 89' lang='lat' dir='ltr'>hac</span> <span class='ocrx_word' id='word_1_50' title='bbox 360 968 445 1032; x_wconf 86' lang='lat' dir='ltr'>radii</span> <span class='ocrx_word' id='word_1_51' title='bbox 463 969 647 1032; x_wconf 79' lang='lat' dir='ltr'>fractarum</span> <span class='ocrx_word' id='word_1_52' title='bbox 665 980 761 1052; x_wconf 90' lang='lat' dir='ltr'>parte</span> <span class='ocrx_word' id='word_1_53' title='bbox 779 982 941 1046; x_wconf 86' lang='lat' dir='ltr'>rotarum,</span> 
     </span>
    </p>

    <p class='ocr_par' dir='ltr' id='par_1_9' title="bbox 117 1073 918 1161">
     <span class='ocr_line' id='line_1_9' title="bbox 117 1073 918 1161; baseline 0 -23"><span class='ocrx_word' id='word_1_54' title='bbox 117 1094 305 1158; x_wconf 88' lang='lat' dir='ltr'>sparsaque</span> <span class='ocrx_word' id='word_1_55' title='bbox 323 1085 400 1137; x_wconf 89' lang='lat' dir='ltr'>sunt</span> <span class='ocrx_word' id='word_1_56' title='bbox 417 1075 483 1136; x_wconf 88' lang='lat' dir='ltr'>late</span> <span class='ocrx_word' id='word_1_57' title='bbox 502 1073 605 1138; x_wconf 91' lang='lat' dir='ltr'>laceri</span> <span class='ocrx_word' id='word_1_58' title='bbox 624 1074 770 1161; x_wconf 89' lang='lat' dir='ltr'>vestigia</span> <span class='ocrx_word' id='word_1_59' title='bbox 787 1097 918 1140; x_wconf 90' lang='lat' dir='ltr'>currus.</span> 
     </span>
    </p>

    <p class='ocr_par' dir='ltr' id='par_1_10' title="bbox 116 1177 1168 1801">
     <span class='ocr_line' id='line_1_10' title="bbox 162 1177 1088 1267; baseline 0.006 -24"><span class='ocrx_word' id='word_1_60' title='bbox 162 1177 208 1243; x_wconf 87' lang='lat' dir='ltr'>At</span> <span class='ocrx_word' id='word_1_61' title='bbox 224 1179 417 1254; x_wconf 71' lang='lat' dir='ltr'>Phaethon,</span> <span class='ocrx_word' id='word_1_62' title='bbox 436 1180 553 1244; x_wconf 92' lang='lat' dir='ltr'>rutilos</span> <span class='ocrx_word' id='word_1_63' title='bbox 570 1179 710 1244; x_wconf 89' lang='lat' dir='ltr'>flamma</span> <span class='ocrx_word' id='word_1_64' title='bbox 728 1183 913 1267; x_wconf 85' lang='lat' dir='ltr'>populante</span> <span class='ocrx_word' id='word_1_65' title='bbox 930 1183 1088 1267; x_wconf 88' lang='lat' dir='ltr'>capillos,</span> 
     </span>
     <span class='ocr_line' id='line_1_11' title="bbox 117 1286 1168 1376; baseline 0.005 -27"><span class='ocrx_word' id='word_1_66' title='bbox 117 1287 261 1354; x_wconf 91' lang='lat' dir='ltr'>volvitur</span> <span class='ocrx_word' id='word_1_67' title='bbox 278 1286 312 1349; x_wconf 95' lang='lat' dir='ltr'>in</span> <span class='ocrx_word' id='word_1_68' title='bbox 329 1308 508 1371; x_wconf 61' lang='lat' dir='ltr'>praecepa</span> <span class='ocrx_word' id='word_1_69' title='bbox 527 1287 700 1373; x_wconf 89' lang='lat' dir='ltr'>longoque</span> <span class='ocrx_word' id='word_1_70' title='bbox 718 1310 778 1372; x_wconf 91' lang='lat' dir='ltr'>per</span> <span class='ocrx_word' id='word_1_71' title='bbox 795 1293 875 1352; x_wconf 80' lang='lat' dir='ltr'>aera</span> <span class='ocrx_word' id='word_1_72' title='bbox 892 1300 1000 1353; x_wconf 90' lang='lat' dir='ltr'>tractu</span> <span class='ocrx_word' id='word_1_73' title='bbox 1117 1322 1168 1376; x_wconf 64' lang='lat'>320</span> 
     </span>
     <span class='ocr_line' id='line_1_12' title="bbox 118 1393 903 1468; baseline 0.001 -10"><span class='ocrx_word' id='word_1_74' title='bbox 118 1393 232 1468; x_wconf 84' lang='lat' dir='ltr'>fertur,</span> <span class='ocrx_word' id='word_1_75' title='bbox 251 1404 288 1456; x_wconf 92' lang='lat' dir='ltr'>ut</span> <span class='ocrx_word' id='word_1_76' title='bbox 304 1393 472 1457; x_wconf 87' lang='lat' dir='ltr'>interdum</span> <span class='ocrx_word' id='word_1_77' title='bbox 491 1394 534 1457; x_wconf 92' lang='lat' dir='ltr'>de</span> <span class='ocrx_word' id='word_1_78' title='bbox 552 1394 649 1458; x_wconf 85' lang='lat' dir='ltr'>caelo</span> <span class='ocrx_word' id='word_1_79' title='bbox 666 1395 763 1458; x_wconf 89' lang='lat' dir='ltr'>stella</span> <span class='ocrx_word' id='word_1_80' title='bbox 781 1415 903 1459; x_wconf 88' lang='lat' dir='ltr'>sereno</span> 
     </span>
     <span class='ocr_line' id='line_1_13' title="bbox 117 1498 856 1584; baseline 0.001 -21"><span class='ocrx_word' id='word_1_81' title='bbox 117 1499 177 1563; x_wconf 88' lang='lat' dir='ltr'>etsi</span> <span class='ocrx_word' id='word_1_82' title='bbox 195 1521 262 1564; x_wconf 90' lang='lat' dir='ltr'>non</span> <span class='ocrx_word' id='word_1_83' title='bbox 280 1498 413 1573; x_wconf 92' lang='lat' dir='ltr'>cecidit,</span> <span class='ocrx_word' id='word_1_84' title='bbox 433 1499 539 1584; x_wconf 93' lang='lat' dir='ltr'>potuit</span> <span class='ocrx_word' id='word_1_85' title='bbox 556 1500 721 1565; x_wconf 87' lang='lat' dir='ltr'>cecidisse</span> <span class='ocrx_word' id='word_1_86' title='bbox 738 1501 856 1565; x_wconf 83' lang='lat' dir='ltr'>videri·</span> 
     </span>
     <span class='ocr_line' id='line_1_14' title="bbox 116 1607 955 1693; baseline 0.005 -23"><span class='ocrx_word' id='word_1_87' title='bbox 116 1627 217 1693; x_wconf 91' lang='lat' dir='ltr'>quem</span> <span class='ocrx_word' id='word_1_88' title='bbox 234 1607 352 1690; x_wconf 91' lang='lat' dir='ltr'>procul</span> <span class='ocrx_word' id='word_1_89' title='bbox 370 1627 389 1669; x_wconf 90' lang='lat' dir='ltr'>a</span> <span class='ocrx_word' id='word_1_90' title='bbox 407 1607 517 1690; x_wconf 88' lang='lat' dir='ltr'>patria</span> <span class='ocrx_word' id='word_1_91' title='bbox 534 1607 668 1672; x_wconf 89' lang='lat' dir='ltr'>diverso</span> <span class='ocrx_word' id='word_1_92' title='bbox 686 1608 856 1673; x_wconf 88' lang='lat' dir='ltr'>maximus</span> <span class='ocrx_word' id='word_1_93' title='bbox 873 1618 955 1674; x_wconf 92' lang='lat' dir='ltr'>orbe</span> 
     </span>
     <span class='ocr_line' id='line_1_15' title="bbox 116 1711 905 1801; baseline 0.001 -25"><span class='ocrx_word' id='word_1_94' title='bbox 116 1712 241 1797; x_wconf 86' lang='lat' dir='ltr'>excipit</span> <span class='ocrx_word' id='word_1_95' title='bbox 258 1711 443 1787; x_wconf 89' lang='lat' dir='ltr'>Eridanus,</span> <span class='ocrx_word' id='word_1_96' title='bbox 462 1713 695 1801; x_wconf 80' lang='lat' dir='ltr'>fumantiaque</span> <span class='ocrx_word' id='word_1_97' title='bbox 713 1715 819 1779; x_wconf 90' lang='lat' dir='ltr'>abluit</span> <span class='ocrx_word' id='word_1_98' title='bbox 835 1737 905 1779; x_wconf 90' lang='lat' dir='ltr'>ora.</span> 
     </span>
    </p>

    <p class='ocr_par' dir='ltr' id='par_1_11' title="bbox 115 1817 1163 1910">
     <span class='ocr_line' id='line_1_16' title="bbox 115 1817 1163 1910; baseline 0.005 -28"><span class='ocrx_word' id='word_1_99' title='bbox 115 1817 246 1886; x_wconf 88' lang='lat' dir='ltr'>Naides</span> <span class='ocrx_word' id='word_1_100' title='bbox 266 1819 456 1904; x_wconf 86' lang='lat' dir='ltr'>Hesperiae</span> <span class='ocrx_word' id='word_1_101' title='bbox 473 1821 584 1906; x_wconf 87' lang='lat' dir='ltr'>trifida</span> <span class='ocrx_word' id='word_1_102' title='bbox 602 1821 767 1884; x_wconf 82' lang='lat' dir='ltr'>fumantia</span> <span class='ocrx_word' id='word_1_103' title='bbox 785 1821 923 1886; x_wconf 86' lang='lat' dir='ltr'>flamma</span> <span class='ocrx_word' id='word_1_104' title='bbox 1114 1855 1163 1910; x_wconf 84' lang='lat'>325</span> 
     </span>
    </p>

    <p class='ocr_par' dir='ltr' id='par_1_12' title="bbox 115 1926 1156 2014">
     <span class='ocr_line' id='line_1_17' title="bbox 115 1926 1156 2014; baseline 0 -22"><span class='ocrx_word' id='word_1_105' title='bbox 115 1947 257 2010; x_wconf 86' lang='lat' dir='ltr'>corpora</span> <span class='ocrx_word' id='word_1_106' title='bbox 274 1927 357 1990; x_wconf 86' lang='lat' dir='ltr'>dant</span> <span class='ocrx_word' id='word_1_107' title='bbox 372 1928 516 1998; x_wconf 89' lang='lat' dir='ltr'>tumulo,</span> <span class='ocrx_word' id='word_1_108' title='bbox 535 1926 672 2012; x_wconf 84' lang='lat' dir='ltr'>signant</span> <span class='ocrx_word' id='word_1_109' title='bbox 688 1949 823 2014; x_wconf 88' lang='lat' dir='ltr'>quoque</span> <span class='ocrx_word' id='word_1_110' title='bbox 841 1928 992 1993; x_wconf 87' lang='lat' dir='ltr'>carmine</span> <span class='ocrx_word' id='word_1_111' title='bbox 1010 1951 1156 1994; x_wconf 84' lang='lat' dir='ltr'>saxum:</span> 
     </span>
    </p>

    <p class='ocr_par' dir='ltr' id='par_1_13' title="bbox 114 2032 1125 2223">
     <span class='ocr_line' id='line_1_18' title="bbox 115 2032 1106 2102; baseline 0.003 -5"><span class='ocrx_word' id='word_1_112' title='bbox 115 2052 175 2097; x_wconf 81' lang='lat' dir='ltr'>fflc</span> <span class='ocrx_word' id='word_1_113' title='bbox 193 2052 294 2097; x_wconf 79' lang='lat' dir='ltr'>SITvs</span> <span class='ocrx_word' id='word_1_114' title='bbox 312 2053 381 2097; x_wconf 70' lang='lat' dir='ltr'>Est</span> <span class='ocrx_word' id='word_1_115' title='bbox 398 2051 602 2098; x_wconf 74' lang='lat' dir='ltr'>PHAETnoN</span> <span class='ocrx_word' id='word_1_116' title='bbox 614 2032 765 2098; x_wconf 68' lang='lat' dir='ltr'>⁴cvuuvs</span> <span class='ocrx_word' id='word_1_117' title='bbox 782 2053 925 2098; x_wconf 79' lang='lat' dir='ltr'>AvuicA</span> <span class='ocrx_word' id='word_1_118' title='bbox 942 2055 1106 2102; x_wconf 67' lang='lat' dir='ltr'>paruam</span> 
     </span>
     <span class='ocr_line' id='line_1_19' title="bbox 114 2159 1125 2223; baseline 0.003 -20"><span class='ocrx_word' id='word_1_119' title='bbox 114 2160 219 2223; x_wconf 51' lang='lat' dir='ltr'>otram</span> <span class='ocrx_word' id='word_1_120' title='bbox 236 2161 267 2205; x_wconf 91' lang='lat' dir='ltr'>s1</span> <span class='ocrx_word' id='word_1_121' title='bbox 284 2160 360 2205; x_wconf 75' lang='lat' dir='ltr'>Nou</span> <span class='ocrx_word' id='word_1_122' title='bbox 377 2160 518 2206; x_wconf 79' lang='grc' dir='ltr'>ΤΕΝνΙΤ</span> <span class='ocrx_word' id='word_1_123' title='bbox 535 2159 673 2205; x_wconf 79' lang='lat' dir='ltr'>MAGNIS</span> <span class='ocrx_word' id='word_1_124' title='bbox 691 2159 824 2205; x_wconf 76' lang='grc' dir='ltr'><strong>ΤΑΜΕΝ</strong></span> <span class='ocrx_word' id='word_1_125' title='bbox 841 2161 992 2205; x_wconf 77' lang='lat' dir='ltr'>Excmrr</span> <span class='ocrx_word' id='word_1_126' title='bbox 1009 2161 1125 2208; x_wconf 74' lang='lat' dir='ltr'>Avsts.</span> 
     </span>
    </p>

    <p class='ocr_par' dir='ltr' id='par_1_14' title="bbox 111 2247 1165 2659">
     <span class='ocr_line' id='line_1_20' title="bbox 158 2247 1028 2334; baseline 0 -22"><span class='ocrx_word' id='word_1_127' title='bbox 158 2247 251 2312; x_wconf 92' lang='lat' dir='ltr'>Nam</span> <span class='ocrx_word' id='word_1_128' title='bbox 269 2262 366 2334; x_wconf 88' lang='lat' dir='ltr'>pater</span> <span class='ocrx_word' id='word_1_129' title='bbox 381 2249 559 2321; x_wconf 89' lang='lat' dir='ltr'>obductos,</span> <span class='ocrx_word' id='word_1_130' title='bbox 579 2249 670 2312; x_wconf 92' lang='lat' dir='ltr'>luctu</span> <span class='ocrx_word' id='word_1_131' title='bbox 689 2248 892 2312; x_wconf 90' lang='lat' dir='ltr'>miserabilis</span> <span class='ocrx_word' id='word_1_132' title='bbox 909 2270 1028 2334; x_wconf 85' lang='lat' dir='ltr'>aegro,</span> 
     </span>
     <span class='ocr_line' id='line_1_21' title="bbox 113 2354 1165 2442; baseline -0.003 -22"><span class='ocrx_word' id='word_1_133' title='bbox 113 2356 313 2421; x_wconf 88' lang='lat' dir='ltr'>condiderat</span> <span class='ocrx_word' id='word_1_134' title='bbox 329 2356 462 2429; x_wconf 89' lang='lat' dir='ltr'>vultus;</span> <span class='ocrx_word' id='word_1_135' title='bbox 487 2366 521 2418; x_wconf 91' lang='lat' dir='ltr'>et</span> <span class='ocrx_word' id='word_1_136' title='bbox 537 2354 564 2419; x_wconf 93' lang='lat' dir='ltr'>si</span> <span class='ocrx_word' id='word_1_137' title='bbox 583 2356 684 2419; x_wconf 91' lang='lat' dir='ltr'>modo</span> <span class='ocrx_word' id='word_1_138' title='bbox 702 2355 885 2429; x_wconf 88' lang='lat' dir='ltr'>credimus,</span> <span class='ocrx_word' id='word_1_139' title='bbox 904 2377 1010 2418; x_wconf 94' lang='lat' dir='ltr'>unum</span> <span class='ocrx_word' id='word_1_140' title='bbox 1114 2388 1165 2442; x_wconf 81' lang='lat'>330</span> 
     </span>
     <span class='ocr_line' id='line_1_22' title="bbox 112 2461 938 2534; baseline -0.004 -6"><span class='ocrx_word' id='word_1_141' title='bbox 112 2462 179 2529; x_wconf 89' lang='lat' dir='ltr'>isse</span> <span class='ocrx_word' id='word_1_142' title='bbox 197 2465 287 2529; x_wconf 91' lang='lat' dir='ltr'>diem</span> <span class='ocrx_word' id='word_1_143' title='bbox 306 2463 379 2528; x_wconf 90' lang='lat' dir='ltr'>sine</span> <span class='ocrx_word' id='word_1_144' title='bbox 397 2463 468 2527; x_wconf 92' lang='lat' dir='ltr'>sole</span> <span class='ocrx_word' id='word_1_145' title='bbox 485 2461 617 2534; x_wconf 84' lang='lat' dir='ltr'>serunt3</span> <span class='ocrx_word' id='word_1_146' title='bbox 643 2461 803 2526; x_wconf 89' lang='lat' dir='ltr'>incendia</span> <span class='ocrx_word' id='word_1_147' title='bbox 821 2462 938 2525; x_wconf 90' lang='lat' dir='ltr'>lumen</span> 
     </span>
     <span class='ocr_line' id='line_1_23' title="bbox 111 2567 971 2659; baseline -0.006 -23"><span class='ocrx_word' id='word_1_148' title='bbox 111 2574 336 2659; x_wconf 85' lang='lat' dir='ltr'>praebebant,</span> <span class='ocrx_word' id='word_1_149' title='bbox 354 2570 547 2657; x_wconf 87' lang='lat' dir='ltr'>aliquisque</span> <span class='ocrx_word' id='word_1_150' title='bbox 566 2570 656 2632; x_wconf 89' lang='lat' dir='ltr'>malo</span> <span class='ocrx_word' id='word_1_151' title='bbox 672 2567 734 2631; x_wconf 82' lang='lat' dir='ltr'>fuit</span> <span class='ocrx_word' id='word_1_152' title='bbox 749 2591 831 2632; x_wconf 91' lang='lat' dir='ltr'>usus</span> <span class='ocrx_word' id='word_1_153' title='bbox 849 2569 882 2631; x_wconf 90' lang='lat' dir='ltr'>in</span> <span class='ocrx_word' id='word_1_154' title='bbox 900 2569 971 2633; x_wconf 91' lang='lat' dir='ltr'>illo.</span> 
     </span>
    </p>

    <p class='ocr_par' dir='ltr' id='par_1_15' title="bbox 111 2675 1111 2976">
     <span class='ocr_line' id='line_1_24' title="bbox 157 2675 1111 2768; baseline -0.004 -23"><span class='ocrx_word' id='word_1_155' title='bbox 157 2680 205 2745; x_wconf 87' lang='lat' dir='ltr'>At</span> <span class='ocrx_word' id='word_1_156' title='bbox 221 2679 404 2768; x_wconf 83' lang='lat' dir='ltr'>Clymene,</span> <span class='ocrx_word' id='word_1_157' title='bbox 423 2689 603 2763; x_wconf 87' lang='lat' dir='ltr'>postquam</span> <span class='ocrx_word' id='word_1_158' title='bbox 620 2675 705 2740; x_wconf 86' lang='lat' dir='ltr'>dixit</span> <span class='ocrx_word' id='word_1_159' title='bbox 721 2697 957 2762; x_wconf 90' lang='lat' dir='ltr'>quaecumque</span> <span class='ocrx_word' id='word_1_160' title='bbox 974 2676 1111 2741; x_wconf 89' lang='lat' dir='ltr'>suerunt</span> 
     </span>
     <span class='ocr_line' id='line_1_25' title="bbox 111 2782 915 2870; baseline -0.006 -19"><span class='ocrx_word' id='word_1_161' title='bbox 111 2786 146 2852; x_wconf 92' lang='lat' dir='ltr'>in</span> <span class='ocrx_word' id='word_1_162' title='bbox 163 2788 264 2853; x_wconf 86' lang='lat' dir='ltr'>tantis</span> <span class='ocrx_word' id='word_1_163' title='bbox 281 2787 426 2852; x_wconf 90' lang='lat' dir='ltr'>dicenda</span> <span class='ocrx_word' id='word_1_164' title='bbox 446 2784 557 2858; x_wconf 85' lang='lat' dir='ltr'>malis,</span> <span class='ocrx_word' id='word_1_165' title='bbox 576 2782 731 2870; x_wconf 86' lang='lat' dir='ltr'>lugubris</span> <span class='ocrx_word' id='word_1_166' title='bbox 748 2793 780 2846; x_wconf 91' lang='lat' dir='ltr'>et</span> <span class='ocrx_word' id='word_1_167' title='bbox 797 2804 915 2847; x_wconf 89' lang='lat' dir='ltr'>amens</span> 
     </span>
     <span class='ocr_line' id='line_1_26' title="bbox 112 2890 887 2976; baseline -0.013 -15"><span class='ocrx_word' id='word_1_168' title='bbox 112 2908 144 2961; x_wconf 89' lang='lat' dir='ltr'>et</span> <span class='ocrx_word' id='word_1_169' title='bbox 160 2897 287 2961; x_wconf 87' lang='lat' dir='ltr'>laniata</span> <span class='ocrx_word' id='word_1_170' title='bbox 305 2896 399 2962; x_wconf 90' lang='lat' dir='ltr'>sinus</span> <span class='ocrx_word' id='word_1_171' title='bbox 416 2906 521 2959; x_wconf 91' lang='lat' dir='ltr'>totum</span> <span class='ocrx_word' id='word_1_172' title='bbox 540 2890 733 2976; x_wconf 88' lang='lat' dir='ltr'>percensuit</span> <span class='ocrx_word' id='word_1_173' title='bbox 749 2890 887 2953; x_wconf 90' lang='lat' dir='ltr'>orbem:</span> 
     </span>
    </p>

    <p class='ocr_par' dir='ltr' id='par_1_16' title="bbox 38 2997 1045 3406">
     <span class='ocr_line' id='line_1_27' title="bbox 38 2997 1009 3090; baseline -0.008 -21"><span class='ocrx_word' id='word_1_174' title='bbox 38 3027 40 3030; x_wconf 85' lang='lat'>·</span> <span class='ocrx_word' id='word_1_175' title='bbox 112 3004 357 3090; x_wconf 84' lang='lat' dir='ltr'>exanimesque</span> <span class='ocrx_word' id='word_1_176' title='bbox 375 3015 468 3067; x_wconf 92' lang='lat' dir='ltr'>artus</span> <span class='ocrx_word' id='word_1_177' title='bbox 484 3000 609 3085; x_wconf 90' lang='lat' dir='ltr'>primo,</span> <span class='ocrx_word' id='word_1_178' title='bbox 629 3020 709 3062; x_wconf 85' lang='lat' dir='ltr'>mox</span> <span class='ocrx_word' id='word_1_179' title='bbox 724 3018 803 3071; x_wconf 87' lang='lat' dir='ltr'>ossa</span> <span class='ocrx_word' id='word_1_180' title='bbox 821 2997 1009 3082; x_wconf 79' lang='lat' dir='ltr'>requirenS,</span> 
     </span>
     <span class='ocr_line' id='line_1_28' title="bbox 111 3103 945 3194; baseline -0.01 -21"><span class='ocrx_word' id='word_1_181' title='bbox 111 3111 261 3194; x_wconf 88' lang='lat' dir='ltr'>repperit</span> <span class='ocrx_word' id='word_1_182' title='bbox 276 3133 354 3176; x_wconf 90' lang='lat' dir='ltr'>ossa</span> <span class='ocrx_word' id='word_1_183' title='bbox 371 3121 487 3174; x_wconf 90' lang='lat' dir='ltr'>tamen</span> <span class='ocrx_word' id='word_1_184' title='bbox 505 3104 688 3192; x_wconf 88' lang='lat' dir='ltr'>peregrina</span> <span class='ocrx_word' id='word_1_185' title='bbox 706 3103 842 3168; x_wconf 92' lang='lat' dir='ltr'>condita</span> <span class='ocrx_word' id='word_1_186' title='bbox 859 3103 945 3187; x_wconf 88' lang='lat' dir='ltr'>ripa,</span> 
     </span>
     <span class='ocr_line' id='line_1_29' title="bbox 110 3207 1045 3301; baseline -0.007 -24"><span class='ocrx_word' id='word_1_187' title='bbox 110 3214 331 3301; x_wconf 91' lang='lat' dir='ltr'>incubuitque</span> <span class='ocrx_word' id='word_1_188' title='bbox 348 3215 444 3288; x_wconf 91' lang='lat' dir='ltr'>loco;</span> <span class='ocrx_word' id='word_1_189' title='bbox 470 3231 664 3297; x_wconf 88' lang='lat' dir='ltr'>nomenque</span> <span class='ocrx_word' id='word_1_190' title='bbox 680 3209 714 3272; x_wconf 93' lang='lat' dir='ltr'>in</span> <span class='ocrx_word' id='word_1_191' title='bbox 733 3229 903 3272; x_wconf 88' lang='lat' dir='ltr'>marmore</span> <span class='ocrx_word' id='word_1_192' title='bbox 920 3207 1045 3271; x_wconf 91' lang='lat' dir='ltr'>lectum</span> 
     </span>
     <span class='ocr_line' id='line_1_30' title="bbox 110 3315 874 3406; baseline -0.01 -20"><span class='ocrx_word' id='word_1_193' title='bbox 110 3322 259 3406; x_wconf 83' lang='lat' dir='ltr'>perfudit</span> <span class='ocrx_word' id='word_1_194' title='bbox 275 3321 425 3385; x_wconf 90' lang='lat' dir='ltr'>lacrimis</span> <span class='ocrx_word' id='word_1_195' title='bbox 442 3331 475 3384; x_wconf 89' lang='lat' dir='ltr'>et</span> <span class='ocrx_word' id='word_1_196' title='bbox 491 3329 608 3404; x_wconf 91' lang='lat' dir='ltr'>aperto</span> <span class='ocrx_word' id='word_1_197' title='bbox 626 3329 762 3403; x_wconf 90' lang='lat' dir='ltr'>pectore</span> <span class='ocrx_word' id='word_1_198' title='bbox 780 3315 874 3381; x_wconf 86' lang='lat' dir='ltr'>sovit.</span> 
     </span>
    </p>

    <p class='ocr_par' dir='ltr' id='par_1_17' title="bbox 109 3421 1162 3835">
     <span class='ocr_line' id='line_1_31' title="bbox 155 3421 1162 3506; baseline -0.011 -13"><span class='ocrx_word' id='word_1_199' title='bbox 155 3428 233 3493; x_wconf 91' lang='lat' dir='ltr'>Nec</span> <span class='ocrx_word' id='word_1_200' title='bbox 248 3429 361 3493; x_wconf 92' lang='lat' dir='ltr'>minus</span> <span class='ocrx_word' id='word_1_201' title='bbox 379 3427 545 3491; x_wconf 87' lang='lat' dir='ltr'>Heliades</span> <span class='ocrx_word' id='word_1_202' title='bbox 560 3424 659 3490; x_wconf 88' lang='lat' dir='ltr'>fletus</span> <span class='ocrx_word' id='word_1_203' title='bbox 677 3422 887 3489; x_wconf 90' lang='lat' dir='ltr'>et-inania</span> <span class='ocrx_word' id='word_1_204' title='bbox 906 3421 1003 3486; x_wconf 88' lang='lat' dir='ltr'>morti</span> <span class='ocrx_word' id='word_1_205' title='bbox 1109 3452 1162 3506; x_wconf 87' lang='lat'>340</span> 
     </span>
     <span class='ocr_line' id='line_1_32' title="bbox 111 3528 1077 3615; baseline -0.004 -17"><span class='ocrx_word' id='word_1_206' title='bbox 111 3536 400 3600; x_wconf 88' lang='lat' dir='ltr'>munera—dant</span> <span class='ocrx_word' id='word_1_207' title='bbox 415 3533 587 3605; x_wconf 88' lang='lat' dir='ltr'>lacrimas,</span> <span class='ocrx_word' id='word_1_208' title='bbox 608 3543 641 3596; x_wconf 91' lang='lat' dir='ltr'>et</span> <span class='ocrx_word' id='word_1_209' title='bbox 657 3552 780 3596; x_wconf 90' lang='lat' dir='ltr'>caesae</span> <span class='ocrx_word' id='word_1_210' title='bbox 798 3540 935 3615; x_wconf 84' lang='lat' dir='ltr'>pectora</span> <span class='ocrx_word' id='word_1_211' title='bbox 953 3528 1077 3614; x_wconf 88' lang='lat' dir='ltr'>palmis</span> 
     </span>
     <span class='ocr_line' id='line_1_33' title="bbox 110 3637 968 3723; baseline -0.008 -16"><span class='ocrx_word' id='word_1_212' title='bbox 110 3665 178 3709; x_wconf 92' lang='lat' dir='ltr'>non</span> <span class='ocrx_word' id='word_1_213' title='bbox 196 3642 389 3707; x_wconf 88' lang='lat' dir='ltr'>auditurum</span> <span class='ocrx_word' id='word_1_214' title='bbox 408 3640 549 3704; x_wconf 90' lang='lat' dir='ltr'>miseras</span> <span class='ocrx_word' id='word_1_215' title='bbox 566 3639 780 3702; x_wconf 73' lang='lat' dir='ltr'>Phaethonta</span> <span class='ocrx_word' id='word_1_216' title='bbox 797 3637 968 3723; x_wconf 88' lang='lat' dir='ltr'>querellas</span> 
     </span>
     <span class='ocr_line' id='line_1_34' title="bbox 109 3745 1015 3835; baseline -0.01 -20"><span class='ocrx_word' id='word_1_217' title='bbox 109 3761 209 3815; x_wconf 85' lang='lat' dir='ltr'>nocte</span> <span class='ocrx_word' id='word_1_218' title='bbox 226 3749 349 3835; x_wconf 91' lang='lat' dir='ltr'>dieque</span> <span class='ocrx_word' id='word_1_219' title='bbox 365 3759 502 3821; x_wconf 90' lang='lat' dir='ltr'>vocant,</span> <span class='ocrx_word' id='word_1_220' title='bbox 521 3747 828 3830; x_wconf 89' lang='lat' dir='ltr'>adsternunturque</span> <span class='ocrx_word' id='word_1_221' title='bbox 845 3745 1015 3828; x_wconf 87' lang='lat' dir='ltr'>sepulcro.</span> 
     </span>
    </p>

    <p class='ocr_par' dir='ltr' id='par_1_18' title="bbox 85 3849 978 3942">
     <span class='ocr_line' id='line_1_35' title="bbox 85 3849 978 3942; baseline 0.002 -32"><span class='ocrx_word' id='word_1_222' title='bbox 85 3853 174 3913; x_wconf 85' lang='lat' dir='ltr'>luna</span> <span class='ocrx_word' id='word_1_223' title='bbox 189 3865 318 3935; x_wconf 86' lang='lat' dir='ltr'>quater</span> <span class='ocrx_word' id='word_1_224' title='bbox 322 3854 459 3942; x_wconf 84' lang='lat' dir='ltr'>junctis</span> <span class='ocrx_word' id='word_1_225' title='bbox 476 3853 640 3942; x_wconf 88' lang='lat' dir='ltr'>implerat</span> <span class='ocrx_word' id='word_1_226' title='bbox 658 3849 821 3917; x_wconf 89' lang='lat' dir='ltr'>cornibus</span> <span class='ocrx_word' id='word_1_227' title='bbox 837 3851 978 3915; x_wconf 71' lang='lat' dir='ltr'>orbemt</span> 
     </span>
    </p>
   </div>
   <div class='ocr_carea' id='block_1_3' title="bbox 0 0 1226 4134">
    <p class='ocr_par' dir='ltr' id='par_1_19' title="bbox 0 0 1226 4134">
     <span class='ocr_line' id='line_1_36' title="bbox 0 0 1226 4134; baseline 0 2"><span class='ocrx_word' id='word_1_228' title='bbox 0 0 1226 4134; x_wconf 95' lang='lat' dir='ltr'> </span> 
     </span>
    </p>
   </div>
  </div>
 </body>
</html>
