2444 4134
72 131 162 187 xm.
175 131 251 204 ns]
412 110 552 178 Battles
574 112 694 196 belm
724 108 829 198 Troy.
1064 126 1124 198 125

71 310 253 385 interim03
279 331 348 374 non
365 320 444 375 ante
460 321 590 386 tamen,
608 331 712 396 quam
729 320 852 374 cuncta
870 308 968 397 coegi
1076 340 1125 397 ²45

71 418 233 503 prodere,
252 428 285 482 et
302 416 441 492 edidici,
459 417 541 503 quid
559 417 691 503 perfide
707 416 813 504 Troja
831 429 978 503 pararet.

71 525 189 589 omnia
207 545 410 612 cognoram,
429 546 494 588 nec
510 526 602 610 quod
619 525 817 609 specularer
833 525 1026 599 habebam3

72 645 105 696 et
117 632 190 720 jam
208 633 377 718 promissa
394 644 548 717 poteram
566 652 644 695 cum
662 632 764 695 laude
780 631 924 697 reverti:

72 739 166 803 haud
184 752 363 804 contentus
379 760 433 813 e0,
455 738 536 823 petii
552 739 695 802 tentoria
713 736 836 813 Rhesi,

70 845 176 932 inque
193 845 264 910 suis
280 845 391 930 ipsum
410 845 530 910 castris
547 845 756 932 comitesque
774 845 924 930 peremi:
1075 874 1127 930 250

72 965 175 1039 atque
192 953 239 1016 ita
256 951 393 1038 captivo
409 953 517 1017 victor
533 952 688 1038 votisque
706 951 830 1036 potitus

70 1059 249 1145 ingredior
265 1080 367 1123 curru
383 1059 491 1131 laetos
507 1058 660 1123 imitante
676 1059 880 1143 triumphos.

71 1165 171 1253 cujus
189 1188 295 1251 equos
313 1166 458 1250 pretium
476 1187 538 1251 pro
555 1177 653 1230 nocte
671 1177 874 1251 poposcerat
890 1166 1011 1242 hostis,

72 1294 169 1336 arma
188 1284 312 1359 negate
330 1272 427 1347 mihi,
446 1273 616 1358 fueritque
632 1272 814 1360 benignior
830 1272 945 1361 Ajax!

118 1391 127 1420 ⁶
146 1378 241 1462 Quid
260 1379 360 1466 Lycii
378 1379 524 1444 referam
542 1379 755 1465 Sarpedonis
772 1380 913 1467 agmina
930 1380 1020 1446 ferro
1073 1411 1123 1468 255

70 1487 249 1551 devastata
267 1483 365 1550 meo?
390 1507 468 1550 cum
487 1486 592 1550 multo
609 1486 779 1572 sanguine
797 1486 868 1551 fudi

71 1592 256 1658 Coeranon
274 1592 446 1678 Iphitiden
463 1603 497 1658 et
511 1592 740 1680 Alastoraque
757 1590 1030 1680 Chromiumque

69 1699 356 1786 Alcandrumque
376 1699 586 1786 Haliumque
607 1699 858 1786 No'e'monaque
876 1698 1122 1788 Prytaninque,

71 1807 245 1893 exitioque
263 1806 341 1871 dedi
359 1827 437 1871 cum
455 1806 741 1871 Chersidamante
757 1806 920 1882 Thoona,

71 1926 105 1978 et
122 1913 333 1997 Charopem,
353 1913 496 2000 fatisque
513 1913 700 1978 immitibus
717 1912 900 1977 Ennomon
919 1924 1046 1989 actum,
1073 1929 1125 1983 260

71 2021 199 2106 quique
216 2021 328 2084 minus
346 2021 499 2084 celebres
516 2031 631 2084 nostra
648 2021 711 2084 sub
729 2019 908 2084 moenibus
924 2020 1019 2084 urbis

72 2127 286 2212 procubuere
304 2147 420 2190 manu.
470 2124 558 2190 Sunt
574 2136 608 2190 et
624 2125 707 2188 mihi
724 2126 880 2199 vulnera,
900 2125 1005 2200 cives,

70 2234 148 2318 ipso
164 2233 309 2318 pulchra
327 2233 423 2296 loco:
448 2253 513 2296 nec
529 2232 628 2296 vanis
645 2232 771 2296 credite
788 2232 914 2296 verbis.

71 2340 214 2425 aspicite
232 2361 273 2402 en
288 2337 296 2401 l
309 2340 316 2366 ’
331 2353 650 2425 vestemquemanu
668 2338 823 2413 diduxit3
850 2350 884 2404 et
902 2350 910 2379 ‘
929 2338 1029 2404 Haec
1045 2351 1125 2406 sunt

71 2457 211 2532 pectora
228 2446 382 2530 semper'
398 2445 444 2509 ait
461 2446 603 2510 ‘vestris
620 2445 771 2509 exercita
788 2447 903 2510 rebus.
1072 2463 1123 2532 265

71 2564 105 2616 at
123 2552 170 2615 nil
188 2552 354 2637 impendit
370 2573 431 2637 per
446 2563 493 2616 tot
507 2552 733 2616 Telamonius
751 2574 861 2617 annos

70 2659 252 2744 sanguinis
269 2659 303 2722 in
320 2659 443 2733 socios,
462 2669 495 2722 et
512 2658 614 2723 habet
630 2659 703 2722 sine
720 2660 861 2724 vulnere
878 2680 1015 2745 corpus.

118 2776 127 2804 ⁶
145 2763 240 2849 Quid
256 2778 371 2829 tamen
389 2765 454 2829 hoc
470 2763 585 2839 refert,
604 2765 632 2828 si
649 2786 686 2830 se
704 2787 765 2850 pro
783 2767 894 2830 classe
911 2765 1062 2852 Pelasga

70 2893 169 2936 arma
185 2872 302 2936 tulisse
319 2871 420 2935 refert
437 2883 553 2936 contra
570 2872 751 2957 Troasque
763 2871 976 2958 Jovemque?

69 2979 315 3064 confiteorque,
334 2978 429 3042 tulit:
454 2979 673 3064 nequeenim
691 2979 871 3043 benefacta
889 2981 1040 3067 maligne
1071 3011 1122 3064 270

68 3087 261 3151 detractare
278 3105 391 3149 meum
410 3096 480 3158 est;
505 3087 565 3150 sed
583 3108 626 3149 ne
644 3086 839 3150 communia
857 3088 949 3150 solus

67 3203 227 3277 occupet,
243 3203 344 3278 atque
361 3192 510 3278 aliquem
528 3193 625 3258 vobis
642 3214 778 3279 quoque
794 3193 915 3257 reddat
932 3195 1119 3270 honorem;

44 3311 46 3315 ’
67 3299 219 3384 reppulit
234 3296 417 3363 Actorides
435 3301 498 3364 sub
515 3299 668 3386 imagine
685 3312 775 3363 tutus
792 3298 940 3365 Achillis

67 3406 182 3470 Troas
200 3406 243 3469 ab
261 3405 387 3470 arsuris
406 3427 483 3470 cum
503 3407 682 3471 defensore
699 3406 834 3471 carinis.

68 3534 191 3578 ausum
209 3512 312 3576 etiam
331 3512 502 3578 Hectoreo
519 3514 629 3577 solum
646 3535 850 3578 concurrere
868 3512 966 3577 marti
1069 3543 1118 3600 ²75

67 3636 107 3685 se·
123 3631 231 3705 putat,
250 3620 373 3685 oblitus
390 3620 549 3706 regisque
567 3621 762 3706 ducumque
780 3621 928 3706 meique,

65 3749 180 3793 nonus
196 3726 232 3791 in
248 3726 372 3800 offici0,
391 3738 424 3790 et
440 3726 613 3809 praelatus
629 3748 771 3790 munere
788 3727 899 3791 sortis.

61 3834 127 3896 sed
143 3845 257 3899 tamen
273 3843 416 3895 eventus
434 3840 582 3910 uestrae,
601 3832 803 3914 fortissime,
819 3855 964 3926 pugnae
