2444 4134
114 143 175 208 182
488 139 638 206 Slrorter
660 141 793 206 Poems.
1022 155 1176 226 [Tarsam

110 339 233 414 Fama,
252 339 460 424 parentales,
478 338 506 402 si
523 360 584 402 vos
600 359 677 402 mea
695 337 849 424 contigit,
868 336 1013 400 umbrae

155 448 199 511 Et
215 460 293 512 sunt
309 449 343 510 in
361 448 485 533 Stygio
503 448 646 511 crimina
664 462 778 511 nostra
795 447 881 520 loro,

110 554 216 628 Scite,
235 576 369 639 precor,
389 575 527 618 causam
540 591 584 601 -
595 575 660 618 nec
676 576 735 618 vos
753 555 835 617 milri
852 553 971 618 fallere
989 552 1043 615 fas
1059 565 1165 617 est-

154 660 316 725 Errorem
329 661 460 748 jussae,
479 682 547 725 uon
565 662 690 735 scelus,
710 683 785 727 esse
803 661 919 747 fugae.
1130 692 1165 747 90

111 769 274 836 Manibus
292 772 357 835 hoc
373 771 455 835 satis
472 783 542 834 est:
569 771 703 845 advos,
722 772 885 847 studiosa,
904 783 1070 846 revertor,

154 877 310 948 Pectora,
329 879 386 965 qui
405 878 492 942 vitae
509 879 670 964 quaeritis
688 893 764 944 acta
780 900 891 944 meae.

104 985 183 1073 Jam
202 987 284 1050 mihi
301 987 442 1051 canities
460 987 567 1072 pulsis
584 987 780 1053 melioribus
798 987 896 1053 annis

152 1094 317 1171 Venerat,
337 1097 493 1183 antiquas
512 1097 761 1183 miscueratque
779 1119 909 1173 comas,

108 1201 256 1290 Postque
274 1226 369 1269 meos
385 1218 478 1268 ortus
495 1203 618 1268 Pisaea
636 1206 768 1269 vinctus
785 1206 874 1269 oliva

153 1310 353 1375 Abstulerat
369 1311 483 1376 decies
500 1312 654 1397 praemia
670 1312 777 1376 victor
793 1332 915 1399 equus,

108 1416 199 1484 Cum
217 1420 321 1483 maris
337 1418 465 1483 Euxini
483 1419 609 1504 positos
627 1420 670 1483 ad
687 1420 786 1483 laeva
802 1419 958 1486 Tomitas

155 1523 333 1610 Quaerere
349 1548 404 1589 me
421 1525 504 1590 laesi
522 1526 686 1611 principis
702 1526 752 1589 ira
765 1526 874 1613 jubet.

107 1630 224 1698 Causa
242 1653 339 1696 meae
356 1633 487 1696 cunctis
504 1633 646 1696 nimium
664 1654 800 1720 quoque
817 1644 896 1698 nota
912 1633 1033 1699 ruinae

153 1739 286 1804 Indicio
303 1761 371 1803 uon
389 1751 440 1804 est
455 1740 667 1803 testificanda
686 1751 773 1804 meo.
1112 1776 1163 1815 200

109 1844 203 1931 Quid
220 1847 366 1910 referam
382 1847 612 1933 comitumque
630 1847 726 1911 nefas
742 1847 956 1934 famulosque
972 1848 1163 1915 nocentes?

153 1953 232 2039 Ipsa
250 1955 355 2017 multa
371 1953 432 2017 tuli
450 1975 518 2017 non
537 1953 664 2018 leviora
680 1954 774 2041 fuga.

107 2060 292 2148 Indignata
309 2061 407 2125 malis
425 2082 522 2124 mens
539 2071 589 2124 est
605 2063 840 2135 succumbere,
860 2083 963 2148 seque

152 2167 323 2232 Praestitit
337 2168 499 2231 invictam
518 2167 646 2232 viribus
662 2190 724 2232 usa
742 2169 822 2232 suis.

107 2274 310 2362 Oblitusque
326 2275 394 2338 mei
412 2275 602 2360 ductaeque
620 2297 681 2359 per
696 2275 764 2339 otia
781 2275 883 2350 vitae,

152 2382 293 2446 Insolita
311 2381 387 2467 cepi
402 2382 565 2467 temporis
581 2403 677 2446 arma
695 2403 813 2446 manu.

105 2487 240 2576 Totque
256 2490 316 2554 tuli
333 2510 434 2554 casus
451 2491 644 2577 pelagoque
661 2502 831 2575 terraque,
850 2501 931 2576 quot
946 2490 1034 2554 inter

152 2595 333 2660 Occultum
351 2598 469 2660 stellae
487 2597 778 2681 conspicuumque
793 2598 920 2682 polum.

105 2703 215 2766 Tacta
232 2703 315 2766 milri
332 2705 469 2766 tandem
487 2704 600 2789 longis
617 2703 788 2767 erroribus
806 2717 881 2767 acto

145 2809 271 2896 Juncta
288 2810 491 2895 pharetratis
509 2809 676 2875 Sarmatis
693 2830 752 2874 ora
770 2808 878 2874 Getis.
1110 2845 1160 2885 110

107 2916 175 2981 Hic
191 2940 257 3004 ego
273 2918 424 2982 finitimis
441 2917 598 3004 quamvis
615 2918 847 2982 circumsoner
863 2917 979 2994 armis,

149 3025 289 3099 Tristia,
308 3048 374 3112 quo
392 3048 545 3111 possum,
564 3025 715 3089 carmine
732 3024 801 3088 sata
817 3026 906 3090 levo.

106 3131 209 3218 Quod
227 3135 383 3221 quamvis
400 3156 501 3198 nemo
519 3146 581 3207 est,
600 3136 696 3219 cujus
714 3133 878 3197 reseratur
894 3133 938 3198 ad
955 3155 1069 3211 aures,

149 3240 208 3306 Sic
224 3254 339 3305 tamen
357 3242 499 3306 absumo
516 3241 717 3326 decipioque
735 3241 836 3305 diem.

105 3347 198 3435 Ergo
215 3350 305 3434 quod
322 3350 411 3420 vivo,
431 3350 592 3434 durisque
609 3349 781 3413 laboribus
798 3351 906 3424 obst0,

149 3455 226 3521 Nec
243 3479 297 3520 me
314 3458 478 3522 sollicitae
495 3459 607 3523 taedia
625 3458 710 3523 lucis
728 3459 868 3533 habent,

103 3563 235 3638 Gratia,
256 3565 371 3640 Musa,
389 3568 470 3642 tibi3
495 3590 574 3631 nam
593 3581 627 3632 tu
646 3569 772 3633 solacia
790 3570 947 3654 praebes,

147 3673 202 3737 Tu
221 3697 322 3739 curae
340 3676 486 3762 requies,
506 3689 540 3740 tu
559 3676 728 3740 medicina
745 3676 862 3748 venis3

100 3779 153 3844 Tu
169 3783 243 3846 (iux
259 3796 293 3848 et
308 3805 424 3850 comes
442 3806 500 3858 es;
525 3797 561 3849 tu
577 3805 640 3848 nos
657 3783 799 3846 abducis
816 3785 858 3847 ab
876 3783 1007 3861 Histro,

119 3886 163 3953 In
182 3893 377 3984 medioque
396 3897 484 3962 mihi
503 3897 570 3962 das
586 3892 764 3960 Helicone
776 3891 911 3953 locum.
