2444 4134
60 131 126 205 150
328 115 400 185 The
422 58 626 221 Apotheosis
648 112 697 199 os
715 108 847 179 Caesar.
966 56 1111 201 [pff

59 317 151 403 quod
167 316 211 380 de
228 314 405 381 Dardanio
422 314 532 379 solum
552 310 633 374 mihi
650 319 754 374 restat
770 308 859 374 Iulo.

60 424 178 487 solane
195 443 331 507 semper
347 442 406 485 ero
419 419 518 508 justis
536 417 686 482 exercita
703 413 816 480 curis?

59 549 163 615 quam
183 529 283 593 modo
299 526 460 614 Tydidae
477 523 673 612 Calydonia
690 523 845 586 vulneret
862 523 974 598 hasta,

61 655 152 698 nunc
171 636 258 697 male
276 633 437 698 defensae
456 631 666 696 confundant
683 629 818 693 moenia
834 627 985 716 Trojae;
1054 658 1092 712 770

60 761 148 822 quae
166 741 301 804 videam
319 751 435 802 natum
454 737 568 825 longis
584 735 754 800 erroribus
772 747 885 798 actum

58 846 248 933 jactarique
265 845 349 909 freto
366 846 533 929 sedesque
551 843 676 906 intrare
693 841 865 916 silentum,

61 953 219 1038 bellaque
237 974 314 1017 cum
331 952 451 1015 Turno
468 971 602 1037 gerere,
622 960 692 1022 aut,
711 947 739 1012 si
756 969 837 1012 vera
855 949 1016 1026 fatemur,

62 1081 141 1126 cun,
153 1059 289 1144 Junone
307 1056 441 1145 magis?
489 1055 583 1139 Quid
601 1076 693 1118 nunc
710 1054 849 1141 antiqua
866 1059 1028 1122 recordor

63 1167 189 1230 damna
207 1166 273 1228 mei
291 1161 450 1251 generis?
496 1162 617 1226 Timor
635 1162 691 1225 hic
708 1163 905 1228 meminisse
923 1165 1071 1250 priorum

62 1295 130 1337 non
149 1272 246 1336 sinit:
272 1272 304 1334 in
325 1292 378 1334 me
396 1269 472 1333 acui
491 1269 674 1333 sceleratos
691 1269 828 1333 cernitis
845 1291 960 1336 enses.

63 1401 148 1466 quos
166 1378 355 1462 prohibete,
375 1397 508 1460 precor,
529 1376 728 1462 facinusque
746 1376 922 1460 repellitel
947 1399 1036 1443 neve

63 1487 169 1552 caede
186 1484 372 1550 sacerdotis
389 1483 546 1546 flammas
564 1482 769 1569 exstinguite
786 1482 942 1548 Vestae!

107 1594 209 1656 Talia
226 1591 433 1677 nequiquam
451 1601 519 1654 toto
535 1588 656 1654 Venus
672 1590 777 1654 anxia
793 1592 891 1656 caelo

62 1701 167 1765 verba
176 1700 272 1787 jacit,
285 1718 494 1783 superosque
507 1709 618 1761 movet
630 1720 638 1771 ;
656 1699 715 1784 qui
729 1720 888 1783 rumpere
901 1719 1111 1786 quamquam

63 1809 172 1872 ferrea
190 1829 258 1869 non
275 1817 417 1890 possunt
433 1817 585 1867 veterum
602 1805 739 1868 decreta
756 1827 924 1882 sororum,

63 1915 163 2001 signa
180 1926 294 1977 tamen
312 1912 422 1976 luctus
440 1912 522 1976 dant
538 1911 628 1975 haud
646 1911 775 1976 incerta
792 1912 907 1977 futuri.

64 2043 159 2085 arma
176 2020 287 2084 ferunt
303 2020 389 2083 inter
406 2020 523 2106 nigras
541 2020 740 2104 crepitantia
757 2021 865 2086 nubes

62 2129 296 2213 terribilesque
313 2128 425 2200 tubas,
445 2128 628 2213 auditaque
646 2148 774 2191 cornua
791 2129 888 2192 caelo

64 2236 319 2320 praemonuisse
338 2235 445 2298 nefas.
496 2233 587 2298 Solis
604 2256 738 2320 quoque
756 2235 857 2300 tristis
874 2235 992 2324 imago

62 2343 173 2407 lurida
191 2341 342 2406 sollicitis
360 2341 546 2425 praebebat
563 2341 691 2404 lumina
708 2342 816 2406 terris.

63 2472 166 2535 saepe
183 2452 276 2514 faces
294 2449 388 2512 visae
407 2448 527 2512 mediis
544 2449 665 2513 ardere
681 2449 748 2532 sub⁴
761 2449 881 2525 astris3

63 2579 165 2642 saepe
183 2557 269 2619 inter
285 2556 419 2620 nimbos
436 2567 551 2640 guttae
569 2556 724 2620 cecidere
741 2569 914 2622 cruentae.

63 2664 220 2729 caerulus
239 2676 271 2728 et
287 2665 417 2727 vultum
437 2663 610 2748 ferrugine
628 2661 768 2727 Lucifer
785 2676 857 2729 atra

63 2794 201 2856 sparsus
218 2782 303 2845 erat,
322 2770 431 2855 sparsi
449 2772 586 2833 lunares
603 2771 773 2856 sanguine
790 2792 921 2837 currus.

62 2879 168 2943 tristia
187 2879 278 2942 mille
296 2878 379 2942 locis
397 2877 540 2963 Stygius
557 2878 650 2941 dedit
666 2877 781 2941 omina
797 2879 910 2953 bubo;

64 2986 156 3050 mille
173 2985 256 3050 locis
273 2975 464 3049 lacrimavit
481 2986 575 3055 ebur,
596 2996 782 3070 cantusque
800 2984 956 3050 feruntur

64 3092 167 3157 auditi
185 3094 312 3157 sanctis
328 3106 361 3157 et
377 3094 480 3157 verba
499 3093 662 3155 minantia
680 3093 777 3157 lucis.

62 3200 200 3263 victima
218 3200 312 3263 nulla
328 3200 412 3273 litat,
432 3221 645 3286 magnosque
662 3199 788 3264 instare
804 3203 968 3268 tumultus

63 3307 148 3370 fibra
166 3317 292 3381 monet,
311 3328 518 3392 caesumque
536 3319 638 3391 caput
654 3307 820 3391 reperitur
836 3309 870 3373 in
887 3311 996 3386 extis,

63 3413 166 3499 inque
184 3413 257 3476 foro
275 3413 472 3499 circumque
489 3415 609 3478 domos
626 3426 659 3478 et
675 3416 801 3501 templa
820 3417 961 3481 deorum

63 3532 246 3585 nocturnos
263 3519 413 3583 ululasse
431 3541 548 3595 canes,
568 3523 774 3608 umbrasque
792 3524 950 3589 silentum

63 3627 230 3692 erravisse
247 3624 370 3701 ferunt,
390 3637 585 3712 motamque
601 3629 805 3694 tremoribus
821 3631 954 3695 urbem.

108 3732 189 3798 Non
206 3745 320 3796 tamen
337 3731 479 3796 insidias
496 3746 706 3818 venturaque
724 3735 861 3800 vincere
879 3737 948 3802 fata

49 3839 291 3923 praemonitus
303 3849 448 3928 potuere
466 3839 594 3916 deum3
619 3839 796 3926 strictique
811 3842 965 3906 feruntur
