2444 4134
81 107 146 198 146
316 107 388 176 The
421 108 581 198 Worship
603 111 651 194 os
663 107 906 197 AEsculapr'us.
986 126 1108 199 [Mum

78 306 261 374 concilium
279 305 472 394 Graiosque
489 318 603 392 patres
620 307 749 383 adiere,
767 307 971 395 darentque,
1071 325 1109 392 ⁶45

76 437 230 486 oravere,
251 415 368 488 deum,
387 414 444 500 qui
462 435 627 500 praesens
644 415 764 479 funera
780 415 895 503 gentis

77 510 171 587 finiat
187 521 388 586 Ausoniae:
415 533 525 586 certas
542 521 589 585 ita
605 522 720 587 dicere
737 538 857 588 sortes.

121 629 272 694 Dissidet
289 641 323 695 et
339 627 448 692 variat
464 618 653 703 sententia3
679 650 827 716 parsque
843 631 1046 718 negandum

76 758 144 801 non
162 748 256 823 putat
273 738 461 810 auxilium3
489 737 585 800 multi
602 737 760 812 retinere,
779 758 950 824 suamque
1163 820 1165 829 Ι

77 864 144 906 nou
162 843 313 907 emittere
331 863 445 927 opem,
466 861 530 905 nec
548 840 690 904 numina
707 842 840 906 tradere
858 842 1017 906 suadent.
1074 857 1114 924 650
1163 834 1165 851 '

76 950 157 1013 dum
174 950 340 1024 dubitant,
360 970 473 1013 seram
491 949 654 1033 pepulere
671 949 875 1033 crepuscula
891 950 1020 1025 lucem,

75 1058 264 1143 umbraque
281 1057 410 1121 telluris
427 1057 587 1121 tenebras
603 1055 786 1121 induxerat
801 1055 897 1120 orbi:

75 1183 151 1226 cum
170 1165 254 1229 deus
271 1164 306 1227 in
323 1163 452 1229 somnis
470 1162 579 1248 opiser
596 1164 779 1227 consistere
797 1163 891 1228 visus

75 1283 152 1334 ante
169 1283 276 1346 tuum,
297 1272 470 1344 Romane,
490 1283 614 1343 torum,
634 1271 694 1333 sed
712 1271 822 1356 qualis
841 1272 875 1334 in
894 1271 984 1335 aede

74 1398 149 1441 esse
166 1379 263 1451 solet,
282 1379 512 1463 baculumque
530 1389 650 1440 tenens
668 1391 803 1463 agreste
821 1377 972 1453 sinistra,
1075 1392 1118 1462 ⁶55

74 1485 261 1548 caesariem
279 1486 404 1571 longae
423 1486 543 1548 dextra
560 1483 732 1548 deducere
750 1485 890 1559 barbae,

73 1602 105 1654 et
122 1591 258 1674 placido
275 1592 358 1655 tales
376 1591 528 1654 emittere
546 1602 683 1674 pectore
700 1612 823 1655 voces:

119 1697 239 1762 ‘Pone
264 1710 394 1771 metus3
428 1697 579 1772 veniam,
606 1697 858 1785 simulacraque
884 1710 1002 1764 nostra
1027 1698 1124 1763 relin-

208 1827 332 1892 quam:

72 1911 163 1974 hunc
181 1912 281 1976 modo
299 1923 505 1996 serpentem,
524 1911 686 1975 baculum
704 1912 762 1998 qui
780 1913 926 1978 nexibus
944 1912 1066 1987 ambit,

71 2019 240 2102 perspice,
260 2030 292 2082 et
307 2039 415 2104 usque
433 2030 512 2082 nota
529 2017 618 2092 visu,
637 2030 674 2081 ut
691 2039 902 2105 cognoscere
920 2020 1052 2104 possist
1076 2033 1125 2087 660

70 2137 182 2187 vertar
198 2125 233 2187 in
252 2126 363 2197 hunc3
390 2126 450 2189 sed
471 2125 666 2211 majorem,
687 2137 867 2211 tantusque
884 2126 1043 2200 videbor,

70 2231 104 2293 in
122 2244 286 2316 quantum
305 2233 429 2296 debent
446 2231 607 2295 caelestia
626 2252 769 2315 corpora
789 2231 898 2296 verti.’

70 2339 242 2423 extemplo
260 2360 337 2402 cum
355 2360 438 2402 voce
456 2339 553 2412 deus,
574 2359 652 2400 cum
671 2359 754 2401 voce
772 2339 904 2424 deoque

69 2466 209 2509 somnus
227 2446 306 2514 abit,
327 2447 505 2531 somnique
522 2445 641 2532 sugam
661 2445 721 2508 lux
738 2446 829 2509 alma
846 2458 964 2510 secuta
981 2459 1045 2512 est.

114 2550 254 2616 Postera
273 2553 423 2616 sidereos
442 2551 579 2617 Aurora
599 2554 779 2641 fugaverat
796 2557 916 2643 ignes3
1074 2573 1123 2643 665

68 2657 186 2722 incerti
204 2659 285 2744 quid
304 2671 421 2746 agunt,
442 2681 601 2744 proceres
618 2663 662 2726 ad
681 2665 809 2748 templa
827 2664 918 2749 petiti

69 2766 275 2829 conveniunt
291 2787 435 2849 operosa
453 2767 520 2840 dei,
540 2789 676 2855 quaque
694 2770 768 2854 ipse
786 2771 910 2835 morari

67 2871 148 2935 sede
166 2873 257 2946 velit,
277 2873 385 2959 signis
403 2875 607 2940 caelestibus
626 2878 765 2952 indicet,
784 2890 894 2943 orant.

68 2978 124 3041 vix
141 2980 228 3042 bene
246 2980 429 3055 desierant,
451 3003 528 3046 cum
549 2985 657 3049 cristis
677 3007 801 3051 aureus
818 2988 896 3054 altis

67 3085 100 3147 in
118 3099 275 3169 serpente
292 3087 376 3151 deus
394 3092 598 3171 praenuntia
616 3092 714 3156 sibila
733 3093 835 3167 misit,
928 3156 931 3160 ,
1070 3115 1121 3182 ⁶70

66 3192 281 3279 adventuque
299 3217 360 3259 suo
378 3197 585 3284 signumque
604 3220 749 3283 arasque
767 3199 923 3287 foresque

67 3320 363 3388 marmoreumque
382 3304 492 3369 solum
511 3305 718 3391 fastigiaque
737 3327 841 3370 aurea
858 3309 975 3384 movit,

65 3407 325 3495 pectoribusque
343 3424 442 3475 tenus
461 3411 572 3474 media
590 3412 745 3475 sublimis
763 3412 796 3475 in
814 3414 899 3477 aede

65 3513 222 3589 constitit,
243 3529 344 3602 atque
363 3518 480 3582 oculos
498 3517 704 3581 circumtulit
720 3518 800 3604 igne
820 3520 997 3586 micantes.

108 3620 243 3687 Territa
262 3624 360 3687 turba
378 3636 498 3706 pavet:
524 3624 685 3710 cognovit
702 3625 843 3688 numina
861 3638 972 3692 castos
1065 3647 1116 3717 675

62 3727 216 3795 evinctus
234 3731 316 3793 vitta
333 3729 445 3793 crines
463 3729 597 3793 albente
615 3732 788 3805 sacerdoS,

51 3847 88 3898 et
105 3836 227 3902 ‘Deus
244 3834 313 3902 enl
336 3836 423 3904 deus
440 3860 484 3904 en
498 3835 506 3901 l
533 3835 660 3902 animis
672 3836 873 3922 linguisque
886 3838 1016 3910 latete,
