2444 4134
120 120 163 178 62
345 112 416 180 The
440 113 529 180 Sans
553 118 600 199 of
614 114 729 181 Niobe
752 137 815 178 arc
837 117 942 180 slata.
1029 134 1174 205 [armam.

165 311 353 400 Adjectura
370 333 489 397 preces
506 324 578 375 erat
596 312 647 376 his
665 311 800 376 Latona
817 313 953 376 relatis:

120 418 251 483 Desine
267 417 428 482 Phoebus
445 418 511 492 ait;
531 426 667 503 poenae
683 440 781 481 mora
798 419 903 504 longa
920 421 1081 504 querella
1099 430 1160 487 est.

120 526 205 589 dixit
221 527 310 589 idem
329 523 489 596 Phoebe3
515 524 685 610 celerique
703 545 763 609 per
779 531 860 588 aera
877 526 976 610 lapsu

120 632 334 719 contigerant
349 628 426 694 tecti
444 628 637 696 Cadmeida
656 630 802 694 nubibus
820 653 945 694 arcem.

121 740 244 823 planus
260 751 331 802 erat
347 738 482 823 lateque
500 750 620 821 patens
639 719 744 820 prope
762 739 897 802 moenia
916 758 1077 823 campus,

120 846 272 910 adsiduis
289 845 442 929 pulsatus
461 844 570 929 equis,
590 843 647 907 ubi
665 844 763 907 turba
781 855 931 907 rotarum

120 953 274 1038 duraque
292 952 458 1016 mollierat
474 951 645 1037 subjectas
663 951 794 1036 ungula
812 951 944 1037 glebas.
1124 985 1174 1025 220

166 1058 251 1123 Pars
267 1059 311 1122 ibi
331 1060 372 1123 de
390 1070 519 1143 septem
538 1057 663 1144 genitis
680 1054 878 1142 Amphione
897 1058 998 1124 fortes

121 1166 354 1230 conscendunt
370 1167 404 1228 in
421 1187 539 1250 equos,
558 1164 734 1250 Tyrioque
752 1165 905 1228 rubentia
923 1187 1007 1231 suco

120 1284 217 1358 terga
235 1285 404 1356 premunt,
424 1293 574 1357 auroque
591 1292 716 1357 graves
735 1272 952 1336 moderantur
970 1273 1150 1341 habenas:

120 1381 277 1466 equibus
295 1379 461 1453 Ismenos,
479 1378 536 1464 qui
555 1379 653 1442 matri
670 1379 806 1442 sarcina
822 1380 997 1465 quondam

121 1488 229 1571 prima
246 1508 328 1550 suae
346 1486 466 1558 suerat,
486 1486 566 1549 dnm
585 1498 714 1549 certum
731 1485 835 1551 flectit
852 1486 885 1548 in
903 1487 1022 1551 orbem
1122 1518 1171 1576 ²25

120 1593 350 1680 quadrupedis
367 1614 497 1666 cursuS,
515 1593 778 1679 spumantiaque
796 1614 855 1658 ora
873 1598 1019 1670 coercet,

118 1698 290 1765 Eimihz'!
313 1699 519 1772 conclamat,
539 1699 720 1784 medioque
738 1700 772 1762 in
791 1712 928 1784 pectore
944 1701 1016 1765 fixa

117 1808 185 1871 tela
203 1807 302 1892 gerit,
322 1805 494 1891 srenisque
512 1827 614 1869 manu
633 1806 797 1871 moriente
815 1807 978 1882 remissis,

118 1914 152 1977 in
170 1915 258 1976 latus
275 1933 295 1976 a
311 1913 431 1976 dextro
448 1913 613 1996 paulatim
631 1913 748 1977 defluit
765 1935 874 1978 armo.
971 1978 976 1994 ἶ

163 2020 358 2092 Proximus,
379 2019 494 2083 audito
511 2021 621 2083 sonitu
640 2042 701 2104 per
717 2020 819 2085 inane
836 2021 1033 2106 pharetrae,
1121 2055 1172 2110 230

118 2131 214 2192 frena
231 2128 335 2191 dabat
351 2125 515 2212 Sipylus:
541 2127 644 2190 veluti
663 2148 741 2190 cum
758 2129 934 2212 praescius
950 2127 1070 2195 imbris

119 2237 209 2300 nube
227 2234 314 2324 fugit
330 2235 417 2306 visa,
437 2234 689 2319 pendentiaque
706 2235 857 2320 undique
875 2245 985 2300 rector

118 2343 262 2407 carbasa
278 2341 427 2413 deducit,
448 2362 490 2404 ne
507 2362 575 2427 qua
593 2340 677 2405 levis
694 2341 810 2404 effluat
827 2362 922 2404 aura.

117 2451 213 2514 srena
230 2450 353 2514 dabat:
380 2450 518 2512 dantem
536 2470 604 2512 non
621 2448 780 2512 evitabile
796 2449 900 2512 telum

116 2557 354 2643 consequitur3
379 2575 582 2641 summaque
598 2567 747 2619 tremens
765 2554 898 2619 cervice
915 2555 1042 2643 sagitta
1118 2588 1168 2646 233

116 2664 238 2738 haesit,
257 2674 290 2727 et
306 2664 462 2726 exstabat
478 2662 608 2726 nudum
626 2662 668 2725 de
685 2673 820 2749 gutture
838 2662 978 2726 serrum.

115 2771 184 2844 ille,
204 2781 240 2833 ut
256 2780 328 2833 erat
343 2791 484 2855 pronus,
504 2791 565 2853 per
581 2789 681 2833 crura
698 2769 848 2833 admissa
861 2769 1032 2857 jubasque

115 2878 272 2952 volvitur,
292 2888 324 2941 et
340 2878 453 2941 calido
469 2877 627 2940 tellurem
644 2877 814 2963 sanguine
831 2877 955 2941 foedat.

160 2980 370 3046 Phaedimus
386 2980 506 3044 infelix
523 2993 555 3044 et
572 2980 650 3044 aviti
667 2981 815 3044 nominis
831 2982 931 3046 heres

114 3088 296 3162 Tantalus,
315 3100 351 3152 ut
367 3087 465 3152 solito
482 3089 585 3151 finem
603 3087 797 3171 imposuere
812 3087 934 3163 labori,
1116 3122 1169 3176 240

115 3196 318 3259 transierant
335 3195 378 3258 ad
394 3216 481 3278 opus
498 3194 625 3258 nitidae
638 3193 790 3281 juvenile
808 3197 1020 3280 palaestrae:

116 3315 148 3365 et
161 3301 232 3388 jam
250 3303 464 3366 contulerant
482 3313 553 3365 arto
571 3301 733 3365 luctantia
750 3322 841 3365 nexu

116 3421 252 3492 pectora
270 3409 485 3492 pectoribus3
512 3429 588 3472 cum
606 3419 698 3472 tento
715 3409 846 3473 concita
864 3431 982 3484 nervo,

116 3515 201 3580 sieut
217 3526 314 3579 erant
325 3515 447 3603 juncti,
466 3515 598 3602 trajecit
613 3528 794 3601 utrumque
811 3515 945 3602 sagitta.

107 3622 314 3707 ingemuere
327 3623 453 3699 simul3
477 3623 579 3690 simul
597 3622 775 3689 incurvata
791 3623 909 3688 dolore
1114 3658 1165 3714 243

78 3729 243 3792 membra
261 3733 341 3798 solo
356 3757 536 3820 posuere;
562 3733 672 3802 simul
692 3751 863 3819 suprema
876 3729 1035 3816 iacentes

48 3821 196 3896 lumr‘na
218 3856 439 3910 versarent:
464 3847 638 3913 animam
659 3841 775 3910 simul
794 3835 1028 3903 exhalarunt-
