2444 4134
64 154 158 208 vlll.
175 150 248 224 545]
404 133 521 199 Death
545 133 594 218 os
606 131 801 218 Meleager.

64 332 221 420 ignibus,
241 355 282 397 ac
299 354 445 420 magnos
461 343 600 416 superat
616 329 738 393 virtute
754 330 901 395 dolores.

64 440 160 526 quod
177 451 293 503 tamen
311 441 437 526 ignavo
454 438 555 502 cadat
571 449 604 501 et
619 435 693 500 sine
710 436 880 522 sanguine
895 436 976 512 leto,

66 558 212 620 maeret,
232 529 264 610 et
279 545 415 609 Ancaei
432 545 544 609 felicia
562 544 705 607 vulnera
721 543 821 616 dicit;

66 654 377 740 grandaevumque
395 665 525 737 patrem
544 650 731 734 fratresque
750 650 891 736 piasque
908 671 1042 715 sorores
1072 683 1122 738 520

67 779 147 822 cum
165 761 309 845 gemitu,
329 759 526 844 sociamque
542 755 605 820 tori
622 766 722 820 vocat
737 777 795 819 ore
812 778 993 839 supremo;

67 865 209 930 forsitan
227 877 259 928 et
277 876 431 929 matrem.
479 862 649 929 Crescunt
666 863 823 949 ignisque
840 864 1018 949 dolorque,

66 973 366 1059 languescuntque
384 972 525 1034 iterum:
552 969 652 1034 simul
670 981 721 1034 est
737 970 921 1034 exstinctus
938 982 1093 1056 uterque,

66 1078 171 1164 inque
188 1079 282 1142 leves
300 1078 381 1141 abiit
398 1076 562 1162 paulatim
581 1076 717 1160 spiritus
735 1097 837 1140 auras

67 1185 235 1270 paulatim
252 1205 340 1249 cana
357 1205 502 1270 prunam
519 1185 655 1246 velante
673 1182 801 1246 favilla.
1071 1213 1120 1269 525

112 1290 196 1355 Alta
209 1291 302 1379 jacet
318 1291 502 1378 Calydon:
528 1291 647 1376 lugent
659 1289 870 1376 juvenesque
887 1311 1069 1376 senesque,

67 1400 263 1485 vulgusque
282 1419 509 1483 proceresque
527 1409 682 1484 gemunt,
702 1396 898 1483 scissaeque
915 1398 1058 1483 capillos

67 1506 282 1591 planguntur
300 1516 423 1568 matres
441 1502 676 1589 Calydonides
694 1503 885 1567 Eueninae.

68 1612 212 1696 pulvere
229 1611 389 1675 canitiem
409 1611 543 1697 genitor
560 1610 740 1695 vultusque
757 1610 882 1675 seniles

67 1718 183 1782 foedat
201 1718 295 1781 humi
313 1718 421 1792 fusus,
441 1717 696 1802 spatiosumque
714 1717 867 1802 increpat
884 1739 1019 1781 aevum.

66 1843 148 1886 nam
167 1822 210 1887 de
229 1833 335 1886 matre
353 1844 475 1885 manus
492 1821 555 1884 diri
575 1821 638 1884 sibi
655 1822 792 1885 conscia
811 1822 890 1885 facti
1073 1854 1122 1909 530

67 1929 186 2015 exegit
204 1949 345 2013 poenas,
366 1941 441 1992 acto
459 1949 519 2012 per
537 1928 669 1991 viscera
687 1927 784 1991 ferro.

68 2057 137 2099 non
155 2035 238 2099 mihi
256 2035 283 2100 si
302 2048 438 2117 centum
455 2035 540 2098 deus
559 2055 620 2098 ora
637 2035 793 2098 sonantia
810 2035 950 2122 linguis,

66 2146 314 2234 ingeniumque
333 2165 457 2230 capax,
477 2155 651 2230 totumque
671 2141 840 2207 Helicona
858 2143 1020 2220 dedisset,

60 2254 174 2319 'tristia
193 2275 417 2340 persequerer
435 2251 636 2316 miserarum
655 2250 745 2314 dicta
762 2272 928 2314 sororum.

66 2361 275 2425 inmemores
294 2363 426 2425 decoris
444 2359 583 2422 liventia
602 2370 739 2442 pectora
757 2359 922 2432 tundunt3
1072 2393 1121 2450 535

65 2472 218 2556 dumque
236 2483 350 2535 manet
365 2491 502 2556 corpus,
521 2493 643 2556 corpus
660 2471 879 2557 refoventque
896 2472 1098 2559 foventque3

66 2577 186 2642 oscula
203 2578 286 2641 dant
302 2578 379 2661 ipsi,
400 2579 508 2662 posito
526 2579 609 2642 dant
626 2579 743 2642 oscula
761 2580 869 2652 lect03

67 2697 144 2769 post
161 2685 309 2748 cinerem
330 2684 462 2748 cineres
480 2686 619 2749 haustos
637 2686 681 2749 ad
699 2699 835 2770 pectora
854 2698 1029 2771 pressant;

68 2793 279 2878 adfusaeque
294 2791 411 2879 jacent
428 2792 571 2866 tumulo,
591 2792 793 2879 signataque
811 2815 895 2858 saxo

67 2899 208 2964 nomina
226 2899 428 2982 complexae
446 2898 605 2962 lacrimas
623 2899 657 2961 in
676 2900 814 2963 nomina
834 2899 990 2964 fundunt.
1070 2934 1120 2987 540

67 3027 153 3092 quas
171 3004 400 3069 Parthaoniae
418 3005 556 3068 tandem
574 3003 719 3068 Latonia
737 3006 834 3069 clade

66 3111 234 3176 exsatiata
251 3112 386 3184 domus,
406 3122 538 3194 praeter
555 3109 765 3197 Gorgenque
783 3134 974 3197 nurumque

65 3218 191 3282 nobilis
208 3216 414 3289 Alcmenae,
433 3217 520 3281 natis
536 3216 570 3280 iu
588 3238 729 3302 corpore
746 3219 867 3302 pennis

67 3325 206 3395 allevat,
225 3334 258 3387 et
274 3324 395 3410 longas
413 3344 474 3407 per
488 3323 651 3387 bracchia
669 3324 810 3411 porrigit
827 3327 913 3398 alas,

66 3449 262 3515 corneaque
278 3450 338 3494 ora
350 3429 447 3517 facit,
465 3450 649 3516 versasque
666 3451 727 3515 per
744 3436 823 3495 aera
842 3431 949 3496 mittit.
1067 3463 1116 3518 545
