2444 4134
108 132 173 179 120
322 111 477 200 Rr'valry
501 115 548 194 os
561 109 660 198 Ajaa’
682 109 757 175 aad
784 108 939 197 Ulysses,
1015 86 1149 199 [Maria

105 311 133 376 si
151 320 283 396 perstas
299 321 443 385 certare,
461 311 576 375 locum
593 308 775 373 redeamus
791 306 825 370 in
843 307 938 371 illum
953 329 962 370 ε

106 417 211 482 redde
228 418 373 491 hostem,
391 417 585 501 vulnusque
601 427 710 490 tuum,
729 413 933 499 solitumque
951 413 1121 488 timorem,

106 535 182 608 post
198 523 413 609 clipeumque
431 525 510 595 late,
530 535 563 586 et
580 542 714 585 mecum
732 520 899 584 contende
917 522 981 585 sub
1000 520 1072 585 illo.

106 642 141 694 at
156 643 336 715 postquam
352 629 474 713 eripui,
494 629 547 693 cui
566 627 676 692 standi
693 626 836 689 vulnera
852 626 942 690 vires
1124 644 1154 696 80

106 758 175 800 non
192 736 369 809 dederant,
388 736 482 799 nullo
499 733 650 798 tardatus
667 733 808 796 vulnere
823 731 924 819 sugit.

154 853 162 881 ‘
180 841 309 906 Hector
325 842 433 915 adest,
452 861 637 924 secumque
655 839 738 903 deos
754 838 787 901 in
806 839 935 922 proelia
953 838 1070 905 ducit:

106 969 242 1035 quaque
260 948 338 1023 ruit,
358 969 425 1011 non
443 959 478 1011 tu
496 959 625 1010 tantum
643 944 791 1019 terreris,
812 945 929 1022 Ulixe,

107 1056 168 1120 sed
184 1055 286 1119 fortes
303 1057 419 1128 etiam,
438 1066 567 1117 tantum
585 1052 686 1116 trahit
702 1052 759 1116 ille
776 1052 917 1118 timoris.

107 1163 200 1227 hunc
216 1183 282 1248 ego
300 1161 512 1248 sanguineae
529 1180 691 1224 successu
709 1160 824 1224 caedis
841 1173 1000 1226 ovantem
1125 1179 1155 1250 85

107 1268 262 1334 cominus
279 1267 408 1355 ingenti
427 1263 625 1351 resupinum
643 1267 794 1352 pondere
811 1268 903 1342 sudi;

108 1377 199 1440 hunc
216 1398 283 1464 ego
300 1387 510 1461 poscentem,
529 1394 607 1437 cum
624 1395 693 1459 quo
709 1387 939 1452 concurreret,
958 1371 1049 1442 unus

107 1483 262 1557 sustinui,
281 1494 475 1567 sortemque
492 1502 605 1545 meam
620 1481 771 1555 vovistis,
790 1479 929 1557 Achivi,

87 1593 88 1597 ’
107 1602 139 1654 et
156 1604 287 1654 vestrae
303 1590 442 1653 valuere
459 1609 592 1674 preces.
641 1587 680 1654 Si
696 1589 858 1676 quaeritis
876 1590 977 1679 hujus

106 1697 276 1762 fortunam
294 1717 446 1783 pugnae,
465 1717 534 1760 non
550 1717 627 1760 sum
644 1708 824 1781 superatus
842 1698 885 1767 ab
901 1697 972 1763 illo.
1125 1732 1159 1787 90

107 1825 188 1870 ecce
204 1804 316 1868 serunt
331 1803 441 1868 Troes
458 1803 651 1890 ferrumque
668 1803 854 1891 ignemque
866 1803 1059 1891 Jovemque

106 1910 141 1975 in
160 1911 300 1974 Danaas
317 1911 466 1975 classes:
491 1911 549 1974 ubi
567 1932 660 1975 nunc
677 1911 845 1976 facundus
862 1911 1008 1977 Ulixes?

107 2039 231 2103 nempe
248 2040 315 2105 ego
333 2019 424 2082 mille
443 2039 519 2082 meo
536 2018 667 2102 protexi
685 2030 821 2102 pectore
839 2041 986 2104 puppeS,

108 2148 203 2212 spem
221 2126 322 2191 vestri
339 2125 478 2189 reditus.
528 2124 617 2189 Date
634 2137 680 2189 tot
697 2147 758 2209 pro
775 2126 919 2191 navibus
937 2147 1044 2190 arma.

154 2231 283 2319 ‘Quod
301 2232 329 2296 si
346 2254 427 2296 vera
445 2232 523 2296 licet
540 2232 622 2295 mihi
640 2233 767 2307 dicere,
786 2233 958 2318 quaeritur
974 2233 1060 2310 istis,
1125 2266 1159 2322 95

107 2362 211 2428 quam
236 2340 331 2414 mihi,
352 2339 460 2426 major
484 2339 606 2415 honos,
632 2340 882 2427 conjunctaque
906 2339 1017 2426 gloria
1041 2353 1159 2406 nostra

243 2461 313 2512 est:
774 2513 775 2516 ,

108 2567 208 2642 atque
225 2554 319 2642 Ajax
336 2553 452 2622 armis,
471 2575 539 2618 non
557 2551 658 2641 Ajaci
675 2573 770 2617 arma
788 2564 958 2638 petuntur.

108 2662 260 2728 conserat
278 2663 329 2725 his
347 2660 484 2724 Ithacus
502 2660 672 2734 Rhesum,
691 2660 932 2746 imbellemque
950 2659 1102 2734 Dolona,

108 2769 374 2855 Priamidenque
394 2768 565 2832 Helenum
583 2781 679 2851 rapta
697 2789 774 2831 cum
793 2766 935 2831 Pallade
952 2780 1105 2852 captum.

108 2879 185 2942 luce
201 2877 285 2941 nihil
304 2890 452 2963 gestum,
471 2875 554 2938 nihil
573 2886 623 2938 est
640 2873 808 2938 Diomede
826 2886 966 2938 remot0.
1111 2907 1160 2946 100

109 2984 136 3048 si
154 2984 260 3048 semel
278 2984 341 3048 ista
358 2983 445 3047 datis
462 2981 589 3045 meritis
606 2991 674 3043 tarn
693 2981 815 3044 vilibus
832 3001 940 3054 arma,

109 3090 260 3164 dividite,
279 3100 312 3154 et
328 3111 407 3175 pars
424 3088 465 3152 sit
481 3087 590 3173 major
607 3086 784 3152 Diomedis
801 3088 835 3151 in
852 3087 931 3151 illis.

108 3219 176 3283 quo
192 3209 306 3259 tamen
325 3198 411 3259 haec
429 3193 569 3259 lthaco?
593 3194 650 3279 qui
669 3196 771 3267 clam,
790 3195 847 3281 qui
865 3216 1001 3279 semper
1016 3195 1160 3262 inermis

109 3326 181 3367 rem
198 3304 296 3391 gerit,
316 3315 349 3367 et
366 3302 460 3366 furtis
478 3301 652 3365 incautum
669 3302 794 3386 decipit
812 3300 966 3367 hostem?

108 3409 182 3494 ipse
199 3410 287 3473 nitor
303 3410 424 3495 galeae
442 3409 535 3473 claro
553 3409 715 3474 radiantis
733 3412 776 3473 ab
794 3431 876 3475 auro
1111 3442 1159 3496 105

107 3515 250 3581 insidias
268 3516 399 3600 prodet,
420 3514 715 3601 manifestabitque
733 3517 905 3581 latentem.

141 3621 249 3686 ‘Sed
262 3643 378 3710 neque
394 3620 579 3687 Dulichius
597 3622 661 3687 sub
680 3620 829 3687 Achillis
844 3625 981 3687 casside
992 3636 1117 3689 vertex

66 3727 237 3805 pondera
255 3735 353 3796 tanta
367 3731 474 3814 feret,
487 3753 559 3800 nec
571 3753 648 3799 non
657 3749 812 3797 onerosa
829 3727 1021 3815 gravisque

46 3823 177 3896 Pelias
192 3836 304 3907 hasta
317 3855 449 3930 potest
468 3843 689 3912 imbellibus
708 3857 793 3903 esse
807 3829 974 3899 lacerus,
