2444 4134
74 158 114 204 12
252 161 277 204 1.
318 139 389 206 The
418 140 580 205 Creation
606 140 680 205 ared
700 140 756 205 the
777 139 902 205 Flood.
979 123 1119 231 [Masis.

72 335 239 402 Maenala
254 338 469 412 transieram,
488 337 626 401 latebris
643 337 814 402 horrenda
830 339 995 414 serarum,

63 456 105 508 tet
121 465 199 508 cum
216 442 363 530 Cyllene
380 445 485 531 gelidi
502 443 616 528 pineta
634 443 777 530 Lycaei.

71 547 229 616 Arcados
246 550 327 615 hinc
343 551 442 615 sedes
458 561 491 615 et
507 550 677 635 inhospita
694 562 782 615 tecta
797 551 933 638 tyranni

72 656 259 744 ingredior,
277 658 451 722 traherent
468 678 545 722 cunr
560 678 636 721 sera
653 658 856 743 crepuscula
874 671 1025 723 noctem.

71 765 172 851 signa
190 764 268 829 dedi
284 765 416 827 venisse
431 764 544 838 deum,
564 766 756 850 vulgusque
774 764 905 848 precari
1079 793 1127 838 220

1 860 3 864 ¹
71 850 252 954 coeperat3
276 870 393 935 irridet
409 870 519 955 primo
536 870 593 955 pia
609 881 687 934 vota
705 868 870 955 Lyca0n3

73 999 153 1060 mox
169 977 235 1042 ait:
259 976 456 1063 Experiar,
475 978 557 1041 deus
572 977 640 1052 hic,
658 977 856 1040 discrimine
872 984 1009 1064 aperta,

71 1107 117 1148 an
133 1085 178 1149 sit
194 1085 372 1163 mortalis,·
398 1106 458 1148 nec
475 1086 543 1148 crit
558 1085 747 1147 dubitabile
762 1106 894 1148 verum.
1103 1076 1107 1082 ’

72 1184 170 1255 ubete
187 1211 329 1278 gravem
347 1212 468 1255 somno
485 1191 652 1275 necopina
671 1191 813 1276 perdere
832 1205 938 1256 morte

73 1319 127 1362 me
144 1308 261 1382 parat;
287 1297 374 1362 haec
390 1297 437 1360 illi
456 1299 568 1382 placet
585 1298 794 1383 experientia
812 1299 894 1362 veri.
1028 1324 1031 1329 ¹
1077 1330 1130 1388 ²25

119 1415 127 1443 ‘
144 1403 221 1469 Nec
237 1415 415 1469 contentus
432 1426 485 1478 eo,
506 1404 599 1469 missi
616 1405 659 1469 de
676 1418 778 1492 gente
796 1403 951 1470 Molossa

72 1510 200 1575 obsidis
215 1510 316 1574 unius
329 1510 489 1599 jugulum
507 1533 670 1576 mucrone
687 1512 844 1576 resolvit:

73 1629 173 1704 atque
190 1617 235 1682 ita
252 1617 441 1682 semineces
459 1618 581 1702 partim
600 1619 808 1683 ferventibus
825 1631 919 1683 artus

73 1724 180 1790 mollit
197 1725 307 1811 aquis,
325 1724 446 1809 partim
465 1725 617 1813 subjecto
635 1727 753 1790 torruit
768 1725 851 1812 igni.

72 1853 157 1919 quos
174 1831 275 1897 simul
292 1831 453 1916 imposuit
470 1832 610 1905 mensiS,
629 1854 696 1919 ego
712 1833 848 1898 vindice
865 1831 1007 1898 flamma
1075 1863 1129 1920 23⁰

71 1939 107 2003 in
124 1938 299 2003 dominum
318 1938 508 2025 dignosque
526 1939 630 2002 everti
647 1951 733 2004 tecta
751 1938 907 2004 Penates.

71 2045 205 2111 territus
222 2045 296 2130 ipse
312 2046 411 2133 fugit,
431 2058 620 2131 nactusque
636 2046 770 2110 silentia
788 2047 874 2111 ruris

72 2152 237 2228 exululat,
256 2152 447 2239 frustraque
464 2152 556 2239 loqui
573 2166 736 2226 conatur;
762 2155 805 2217 ab
823 2153 897 2238 ipso

72 2259 201 2346 colligit
216 2280 255 2324 os
271 2258 416 2334 rabiem,
435 2259 622 2347 solitaeque
639 2259 799 2345 cupidine
816 2259 931 2326 caedis

71 2367 211 2433 vertitur
226 2365 262 2430 in
279 2367 442 2451 pecudes,
462 2377 495 2432 et
511 2388 603 2431 nunc
619 2389 754 2455 quoque
771 2366 942 2454 sanguine
959 2367 1102 2455 gaudet.

72 2475 106 2538 in
124 2474 222 2538 villos
239 2476 364 2538 abeunt
381 2486 504 2549 vestes,
524 2475 558 2539 in
576 2496 674 2539 crura
692 2475 829 2539 lacerti:

71 2583 108 2647 fit
125 2583 237 2668 lupus
257 2594 290 2647 et
305 2582 428 2673 veteris
445 2595 557 2646 servat
573 2582 717 2670 vestigia
734 2582 874 2647 formae.

72 2690 214 2754 canities
231 2691 352 2755 eadem
370 2702 432 2765 est,
452 2691 574 2754 eadem
591 2689 752 2753 violentia
769 2691 894 2763 vultus,

72 2796 162 2861 idem
180 2797 270 2861 oculi
287 2797 413 2869 lucent,
433 2798 553 2861 eadem
572 2797 711 2860 feritatis
729 2797 856 2883 imago.

119 2904 278 2970 ‘Occidit
293 2926 363 2969 una
381 2905 524 2977 domus;
550 2906 611 2969 sed
629 2926 696 2967 non
714 2905 836 2968 domus
854 2924 922 2967 una
940 2904 1050 2988 perire
1072 2937 1126 2988 240

73 3009 179 3097 digna
197 3011 278 3083 luit3
303 3033 370 3096 qua
388 3024 477 3075 terra
495 3024 599 3097 patet.
619 3012 690 3075 sera
708 3023 829 3097 regnat
846 3010 985 3096 Erinys.

72 3117 106 3181 in
125 3119 257 3183 facinus
272 3119 407 3207 jurasse
425 3131 535 3204 putes.
585 3119 676 3182 Dent
693 3119 788 3182 ocius
805 3128 924 3182 omnes

72 3247 157 3311 quas
175 3247 329 3290 meruere
347 3226 429 3309 pati,
449 3225 497 3289 sic
514 3236 579 3289 stat
596 3227 776 3299 sententia,
796 3224 950 3309 poenas.'
1154 3302 1164 3315 Ἰ

52 3328 93 3449 ζ
118 3332 218 3396 Dicta
230 3332 326 3418 Jovis
344 3353 422 3417 pars
438 3353 523 3398 voce
541 3333 685 3417 probant
701 3332 922 3418 stimulosque
940 3330 1098 3398 frementi

73 3439 235 3514 adiciunt,
254 3439 311 3503 alii
330 3451 443 3523 partes
462 3439 658 3504 assensibus
675 3439 830 3525 implent.
1070 3468 1123 3526 245
1141 3425 1153 3442 ²

72 3559 122 3612 est
138 3561 252 3613 tamen
269 3547 411 3612 humani
427 3547 564 3635 generis
577 3548 710 3635 jactura
728 3546 835 3613 dolori

71 3655 242 3728 omnibus,
262 3664 306 3729 et,
325 3675 414 3740 quae
431 3654 472 3718 sit
488 3665 598 3718 terrae
617 3655 814 3755 mortalibus
831 3654 935 3719 orbae

71 3758 179 3824 forma
197 3761 322 3835 futura,
341 3773 485 3847 rogant3
509 3760 586 3847 quis
603 3761 645 3825 sit
662 3762 791 3826 laturus
809 3761 843 3825 in
861 3781 939 3826 aras

52 3865 160 3925 tura?
176 3865 307 3931 ferisne
319 3879 425 3954 paret
436 3867 661 3957 populandas
676 3868 816 3934 tradere
829 3864 961 3932 terrast
