2444 4134
71 172 75 176 ’
137 181 181 251 34
422 163 458 229 T
452 164 494 229 lte
518 163 651 230 Searclt
674 167 722 248 of
742 162 904 228 Cadmus·
1046 173 1176 245 [Menan.
1202 258 1205 263 .

137 361 180 424 ad
198 360 331 424 caelum
350 363 508 436 frontem,
528 361 713 447 mugitibus
730 359 866 445 impulit
882 378 995 422 auras.

137 479 237 551 atque
255 467 300 529 ita
318 467 506 552 respiciens
525 468 665 531 comites
683 487 745 531 sua
762 479 859 552 terga
876 474 1073 549 sequentes

137 574 327 657 procubuit,
348 586 533 659 teneraque
551 575 639 637 latus
657 573 826 638 summisit
842 571 876 634 in
897 572 1014 633 herba.

182 679 335 744 Cadmus
353 681 424 767 agit
441 693 567 767 grates
587 681 859 766 peregrinaeque
877 678 997 741 oscula
1013 688 1123 742 terrae

137 786 223 871 figit,
243 798 274 850 et
291 787 425 872 ignotos
444 800 573 850 montes
592 808 761 873 agrosque
780 785 916 848 salutat.
1151 812 1178 869 25

137 913 235 956 sacra
248 893 325 978 Jovi
342 894 492 957 facturus
509 906 600 957 erat:
622 894 718 980 jubet
735 892 783 954 ire
801 892 983 968 ministros

138 1009 170 1062 et
186 1011 301 1083 petere
318 1023 336 1064 e
355 1000 440 1063 vivis
457 1000 615 1063 libandas
632 999 781 1062 sontibus
798 1000 921 1063 undas.

138 1106 222 1171 silva
240 1116 336 1170 vetus
354 1108 465 1171 stabat
482 1107 576 1169 nulla
593 1107 719 1169 violata
737 1106 860 1180 securi,

137 1225 170 1276 et
186 1233 309 1300 specus
326 1212 359 1275 in
377 1212 502 1287 medio,
522 1212 629 1298 virgis
648 1232 687 1275 ac
704 1213 830 1275 vimine
848 1214 987 1287 densus,

137 1318 288 1382 efficiens
306 1319 468 1382 humilem
488 1319 639 1403 lapidum
659 1321 885 1405 compagibus
903 1341 1034 1395 arcum,
1152 1349 1182 1404 30

137 1425 299 1489 uberibus
316 1425 483 1489 secundus
501 1425 610 1510 aquis,
630 1426 687 1489 ubi
706 1427 861 1490 conditus
880 1439 976 1490 antro

138 1530 284 1596 Martius
302 1532 426 1618 anguis
443 1545 527 1605 erat,
547 1532 656 1596 cristis
674 1533 865 1618 praesignis
883 1546 915 1596 et
932 1555 1036 1597 auro:

138 1638 219 1725 igne
237 1639 363 1703 micant
376 1619 481 1713 oculi,
501 1660 624 1723 corpus
640 1652 747 1703 tumet
762 1662 863 1703 omne
880 1661 1028 1714 veneno,

138 1757 272 1831 tresque
289 1746 424 1809 vibrant
440 1746 594 1832 linguae,
613 1746 736 1830 triplici
755 1759 843 1810 stant
860 1747 980 1811 ordine
997 1747 1130 1812 dentes.

185 1851 300 1935 (Quem
318 1865 495 1937 postquam
514 1853 622 1938 Tyria
641 1855 756 1917 lucum
774 1855 816 1916 de
835 1866 936 1940 gente
954 1853 1097 1938 profecti
1154 1881 1201 1938 35v

138 1958 286 2023 infausto
302 1960 444 2046 tetigere
462 1962 586 2046 gradu,
607 1962 823 2046 demissaque
841 1962 875 2023 in
893 1963 1003 2025 undas

139 2088 225 2130 urna
241 2065 334 2130 dedit
350 2065 510 2141 sonitum,
530 2068 634 2153 longo
652 2078 754 2152 caput
771 2068 890 2130 extulit
907 2079 1003 2132 antro

140 2173 318 2237 caeruleus
335 2195 488 2258 serpens,
510 2175 747 2258 horrendaque
766 2174 863 2238 sibila
882 2174 981 2238 misit.

140 2279 303 2343 effluxere
320 2301 426 2343 urnae
445 2280 615 2354 manibus,
635 2283 844 2366 sanguisque
861 2280 1021 2366 relinquit

140 2408 276 2471 corpus,
296 2399 328 2450 et
346 2387 502 2450 attonitos
519 2388 648 2451 subitus
666 2398 791 2450 tremor
808 2399 953 2470 occupat
971 2399 1074 2453 artus.
1154 2417 1187 2470 40

139 2495 196 2558 ille
213 2494 420 2558 volubilibus
438 2515 638 2579 squamosos
658 2495 803 2557 nexibus
820 2494 919 2557 orbes

139 2615 284 2688 torquet,
304 2614 337 2665 et
352 2601 538 2664 immensos
556 2600 642 2663 saltu
660 2601 814 2663 sinuatur
830 2600 863 2662 in
882 2621 1001 2663 arcus:

141 2730 182 2774 ac
200 2711 311 2775 media
328 2711 405 2795 plus
422 2721 517 2794 parte
536 2709 629 2771 leves
647 2720 779 2771 erectus
796 2708 830 2771 in
849 2729 950 2771 auras

140 2817 284 2902 despicit
299 2838 400 2880 omne
418 2837 553 2888 nemus,
572 2825 733 2899 tantoque
751 2826 801 2878 est
818 2835 973 2899 corpore,
991 2824 1121 2901 quanto

140 2925 168 2989 si
184 2935 289 2988 totum
308 2937 454 3008 spectes,
473 2923 631 3009 geminas
648 2921 705 3007 qui
723 2932 858 3006 separat
874 2919 1009 2985 Arctos.
1155 2951 1187 3008 45

140 3052 204 3094 nec
221 3052 329 3105 mora,
348 3030 553 3105 Phoenicas,
573 3030 644 3094 sive
663 3028 711 3091 illi
728 3029 796 3091 tela
813 3029 992 3113 parabant,

140 3138 212 3202 sive
228 3137 360 3223 sugam,
380 3137 451 3201 sive
468 3138 541 3222 ipse
558 3137 658 3201 timor
675 3136 876 3221 prohibebat
893 3147 1087 3221 utrumque,

140 3257 305 3328 occupat:
331 3246 392 3308 hos
410 3266 538 3317 morsu,
558 3245 671 3330 longis
689 3242 906 3327 amplexibus
923 3242 1012 3318 illos

140 3352 202 3415 hos
220 3362 319 3415 necat
336 3350 439 3414 afflati
457 3350 589 3414 funesta
606 3351 684 3414 tabe
701 3351 836 3414 veneni.

184 3457 327 3521 Fecerat
345 3458 489 3543 exiguas
502 3456 574 3544 jam
592 3458 642 3521 sol
661 3457 843 3522 altissimus
860 3457 1020 3520 umbras:
1159 3485 1190 3544 5⁰

140 3585 227 3649 quae
246 3585 340 3627 mora
357 3564 399 3628 sit
415 3564 528 3637 sociis,
547 3565 689 3628 miratur
704 3563 868 3651 Agenore
886 3576 998 3638 natuS,

124 3670 343 3757 vestigatque
362 3673 477 3740 viros:
503 3685 671 3764 tegumen
689 3672 826 3758 direpta
837 3672 951 3736 leonis

85 3772 205 3845 l’ellr's
221 3790 312 3854 erat,
335 3783 450 3848 telum
472 3784 684 3872 splendenti
701 3783 836 3847 lancea
851 3779 945 3842 lerro

68 3880 111 3928 et
112 3871 309 3963 jaculum,
336 3894 492 3984 teloque
514 3897 672 3962 animus
692 3882 941 3980 praestantior
961 3875 1074 3941 omni.
