2444 4134
66 133 130 223 164
446 133 596 200 Skorter
618 133 752 200 Poems.
927 148 1089 222 [Haaornas
1148 102 1150 111 Ι

64 332 230 420 Qisquis
249 333 293 398 ad
309 333 397 398 haec
412 333 511 397 vertit
526 313 745 419 peregrinam
762 331 874 398 littora
891 331 1047 418 puppim,

109 441 172 505 llle
189 440 272 504 mihi
289 441 331 505 de
349 452 380 504 te
399 441 504 505 multa
520 452 660 527 rogatus
679 441 768 504 abit:
1073 454 1101 507 60

64 546 249 633 Qamque
265 547 325 611 tibi
342 549 474 621 reddat,
494 546 522 612 si
538 558 571 612 te
589 548 691 612 modo
707 547 829 612 viderit
845 568 1009 634 usquam,

107 654 271 718 Traditur
287 655 367 718 huic
384 654 500 742 digitis
514 656 632 720 charta
649 668 773 720 novata
789 655 886 720 meis.

62 762 137 827 Nos
154 763 278 849 Pylon,
296 763 424 848 antiqui
442 761 568 829 Neleia
583 762 739 828 Nestoris
756 784 850 838 arva,

107 870 287 935 Misimus:
314 871 442 934 incerta
460 882 509 934 est
527 873 618 934 lama
636 871 778 935 remissa
795 869 895 956 Pylo.

61 977 221 1042 Misimus
239 990 271 1042 et
288 977 456 1063 Sparten:
483 976 607 1062 Sparte
622 999 759 1064 quoque
773 977 892 1042 nescia
907 977 994 1042 veri.
1075 996 1104 1066 ⁶5

108 1083 206 1170 Qus
224 1085 357 1148 habitas
375 1096 494 1157 terras,
514 1096 571 1147 aut
588 1083 644 1147 ubi
662 1084 773 1147 lentus
789 1082 894 1149 abes?

61 1190 187 1257 Utilius
204 1204 331 1256 starent
348 1192 449 1255 etiam
467 1212 558 1255 nunc
576 1191 710 1256 moenia
729 1190 873 1255 Phoebi.

106 1299 239 1364 Irascor
255 1301 341 1364 votis
358 1301 424 1362 heu
442 1300 526 1363 levis
544 1298 619 1383 ipsa
637 1297 741 1362 meisi

61 1405 193 1472 Scirem
210 1408 267 1470 ubi
287 1428 474 1494 pugnares,
494 1417 526 1470 et
542 1416 671 1470 tantum
688 1406 779 1470 bella
795 1405 965 1482 timerem,

105 1514 148 1577 Et
166 1536 241 1578 mea
259 1536 337 1578 curn
356 1515 468 1578 multis
481 1513 599 1600 juncta
616 1513 755 1598 querela
772 1513 870 1576 soret.
1078 1544 1108 1598 70

61 1619 156 1706 (Quid
173 1622 324 1696 timeam,
343 1622 486 1709 ignor03
511 1621 613 1685 timeo
631 1632 744 1684 tamen
761 1620 877 1686 omnia
893 1621 1052 1697 demens,

105 1728 148 1792 Et
165 1741 256 1813 patet
271 1730 305 1792 in
324 1751 423 1794 curas
440 1750 520 1793 area
537 1730 605 1792 lata
622 1750 727 1792 meas.

60 1832 311 1921 Quaecumque
322 1858 450 1922 aequor
461 1837 574 1910 habet,
585 1855 822 1921 quaecumque
833 1834 987 1918 pericula
997 1836 1108 1910 tellus,

103 1942 191 2005 Tam
210 1944 335 2031 longae
354 1965 475 2008 causas
493 1925 647 2027 suspicor
662 1962 737 2006 esse
754 1962 882 2005 morae.

60 2048 159 2114 Haec
176 2072 243 2137 ego
260 2053 341 2116 dum
359 2052 458 2115 stulte
476 2061 602 2123 metuo,
621 2070 708 2136 quae
725 2060 837 2113 vestra
854 2049 960 2114 libido
977 2061 1041 2125 est,
1078 2079 1110 2136 75

104 2157 190 2222 Esse
208 2160 390 2246 peregrino
408 2171 526 2242 captus
545 2179 660 2221 amore
678 2167 785 2241 potes.

59 2264 216 2330 Forsitan
234 2279 266 2330 et
283 2288 413 2340 narres,
432 2287 536 2352 qnam
554 2265 596 2329 sit
612 2265 670 2329 tibi
688 2264 812 2328 rustica
830 2263 992 2352 conjunx,

105 2370 207 2458 Qae
223 2385 353 2439 tantum
371 2375 469 2438 lanas
486 2395 554 2438 non
571 2373 658 2437 sinat
675 2393 750 2436 esse
767 2372 881 2436 rudes.

58 2479 187 2557 Fallar,
207 2494 240 2546 et
257 2484 321 2546 hoc
339 2483 468 2546 crimen
486 2495 604 2546 tenues
621 2491 783 2545 vanescat
799 2479 834 2542 in
851 2499 966 2556 auras,

103 2587 215 2664 Neve,
235 2591 424 2654 revertendi
443 2591 539 2662 liber,
559 2589 679 2653 abesse
697 2585 801 2652 velisl
1077 2608 1110 2661 80

58 2694 119 2760 Me
137 2709 232 2782 pater
248 2698 378 2764 lcarius
395 2700 497 2764 viduo
514 2699 689 2764 discedere
708 2698 793 2762 lecto

103 2803 218 2892 Cogit,
238 2818 270 2870 et
287 2807 471 2872 immensas
488 2807 642 2893 increpat
659 2829 766 2893 usque
784 2827 909 2872 moras.

58 2910 216 2998 Increpet
233 2938 339 3001 usque
357 2916 455 2980 licet:
480 2928 539 2980 tua
557 2939 644 2987 sum,
664 2928 721 2980 tua
738 2915 833 2980 dicar
848 2925 1000 3000 oportett

102 3019 275 3107 Penelope
292 3023 443 3110 conjunx
460 3045 596 3109 semper
612 3024 726 3089 Ulixis
743 3045 813 3089 ero.

57 3125 121 3190 Ille
138 3140 252 3192 tamen
270 3130 392 3213 pietate
411 3152 487 3194 mea
505 3132 731 3217 precibusque
749 3131 881 3216 pudicis
1073 3151 1105 3218 85

101 3232 298 3319 Frangitur,
317 3248 349 3300 et
365 3237 453 3301 vires
470 3249 636 3322 temperat
652 3240 724 3324 ipse
742 3262 833 3305 suas.

56 3338 208 3405 Dulichii
227 3342 403 3429 Samiique
420 3355 452 3408 et
468 3367 553 3430 quos
571 3348 644 3410 tulit
662 3349 728 3412 alta
746 3348 957 3435 Zacynthos,

100 3449 218 3512 Turba
235 3462 337 3513 ruunt
352 3451 385 3513 in
405 3473 459 3514 me
476 3453 650 3517 luxuriosa
669 3457 782 3540 proci;

55 3553 165 3640 Inque
181 3565 238 3619 tua
256 3568 414 3643 regnant,
433 3559 535 3621 nullis
553 3562 824 3643 prohibentibus,
845 3565 946 3629 aular

98 3660 241 3724 Viscera
261 3674 387 3737 nostra,
405 3674 484 3726 tuae
501 3665 732 3731 dilacerantur
748 3691 844 3755 opes.
1070 3705 1105 3758 90

56 3763 149 3847 Quid
168 3767 225 3830 tibi
242 3767 447 3834 Pisandrum
466 3769 707 3860 Polybumque
724 3775 957 3862 Medontaque
974 3778 1086 3842 dirum

74 3871 372 3969 Eurymachique
390 3880 515 3950 avidas
534 3879 753 3970 Antinoique
768 3903 897 3945 manus
