2444 4134
107 117 145 175 lv.
161 121 233 195 856]
369 110 440 178 aue
462 108 659 193 Fouudt'ug
677 107 726 191 of
739 104 861 170 Rome.
1076 120 1143 194 159

98 298 192 366 Fossa
207 303 359 388 repletur
375 303 494 378 humo,
512 303 705 390 plenaeque
721 303 907 390 imponitur
923 323 997 380 ara,

130 407 172 471 Et
187 430 297 473 novus
314 431 461 474 accenso
478 410 632 496 fungitur
648 411 729 497 igne
747 411 854 474 focus.

91 511 167 577 lnde
184 536 347 598 premens
363 517 484 580 stivam
502 517 662 603 designat
679 517 816 608 moenia
831 517 948 582 sulcos
1089 536 1139 605 8²5

126 620 219 685 Alba
232 622 358 709 jugum
375 622 475 687 niveo
491 643 569 686 curn
588 624 674 687 bove
692 643 798 686 vacca
815 624 901 687 tulit.

86 724 160 792 Vox
178 727 241 790 suit
258 729 345 792 haec
361 729 474 815 regis:
506 726 687 802 Gaudenti,
713 727 899 815 Juppiter,
918 732 1035 796 urbem

124 833 177 899 Et
188 836 334 920 genitor
348 835 496 899 Mavors
526 833 692 919 Vestaque
708 844 833 910 mator,
851 837 957 902 adest

81 940 249 1026 Quosque
259 943 361 1027 pium
378 950 427 1005 est
442 941 606 1004 adhibere
622 942 714 1017 daos,
732 943 904 1008 advertite
920 944 1055 1010 cuncti!

124 1046 337 1133 Auspicibus
353 1047 447 1110 vobis
462 1047 525 1110 hoc
540 1047 628 1110 mt'hi
640 1057 766 1134 surgat
783 1057 878 1136 opus.
1088 1071 1140 1138 ⁸30

79 1152 210 1238 Longa
226 1154 272 1217 st't
286 1153 367 1218 huic
382 1163 477 1218 aetas
494 1153 720 1241 dominaeque
729 1159 889 1243 potentia
907 1167 1039 1234 tarrae,

125 1257 253 1345 Sitque
267 1261 328 1323 sub
344 1260 410 1324 hac
426 1264 540 1323 oro'ous
558 1262 784 1349 occiduusque
802 1266 886 1329 dics.

79 1365 144 1430 Ille
162 1366 388 1451 precabatur:
415 1366 538 1432 tonitru
556 1368 648 1433 dedit
664 1371 779 1435 omina
797 1371 895 1437 laevo

121 1473 293 1559 Juppiter,
313 1485 345 1536 et
361 1473 460 1539 laevo
477 1473 621 1540 fulmina
637 1476 740 1542 missa
757 1478 849 1562 polo.

76 1579 242 1668 Auguria
259 1579 338 1645 laeti
351 1580 483 1668 jaciunt
500 1581 699 1647 fundamina
716 1584 821 1660 cives,
1088 1605 1138 1672 835

126 1688 173 1752 Et
189 1710 299 1752 novus
316 1687 443 1775 exiguo
460 1699 612 1775 tempore
630 1712 746 1756 murus
763 1705 848 1757 erat.

79 1796 162 1862 Hoc
179 1794 283 1861 Celer
299 1808 399 1883 urget
415 1817 513 1880 opus,
532 1818 634 1882 quem
652 1797 822 1863 Romulus
839 1799 912 1885 ipse
928 1813 1080 1876 vocarat,

128 1902 318 1989 ‘Sint'que‚
340 1914 348 1941 ⁴
362 1901 478 1977 Celer,
497 1903 618 1968 curae'
635 1905 768 1969 dixerat
787 1906 872 1970 ‘ista
889 1919 988 1971 tuae:

78 2007 184 2076 Neve
200 2010 277 2096 quis
294 2020 351 2073 aut
369 2030 494 2084 muros,
513 2020 571 2073 aut
588 2009 713 2075 saetam
729 2034 868 2077 vomere
885 2014 1012 2078 fossam

126 2120 311 2193 Transeat,
332 2119 515 2182 audentem
530 2117 612 2181 talia
629 2118 717 2183 dede
734 2119 835 2184 neci.'
1089 2140 1141 2205 840

79 2226 188 2314 Quod
206 2226 339 2291 Remus
355 2225 521 2312 ignorans
538 2225 683 2289 humiles
699 2238 917 2292 contemnere
936 2250 1050 2293 muros

126 2334 264 2419 Coepit,
283 2345 316 2397 et
333 2343 341 2372 ⁶
359 2331 424 2396 His
442 2333 588 2416 populus
603 2331 611 2358 ’
627 2331 741 2396 dicere
760 2343 871 2398 ‘tutus
888 2332 991 2398 eriti’

78 2442 160 2508 Nec
177 2462 286 2515 mora,
304 2439 494 2505 transiluit:
522 2450 613 2502 rutro
631 2436 735 2504 Celer
750 2453 896 2525 occupat
913 2462 1033 2505 ausum
1049 2464 1057 2515 3

126 2549 189 2614 Ille
208 2547 331 2634 premit
347 2548 468 2612 duram
486 2546 773 2633 sanguinulentus
792 2547 947 2610 humum.

80 2655 184 2722 Haec
200 2655 258 2719 ubi
276 2676 338 2718 rex
354 2653 483 2727 didicit,
504 2653 664 2718 lacrimas
681 2653 845 2718 introrsus
861 2655 998 2719 obortas
1091 2675 1140 2742 845

126 2764 292 2838 Devorat,
310 2773 343 2827 et
358 2762 516 2827 clausum
532 2772 669 2845 pectore
686 2763 808 2826 volnus
826 2763 950 2835 habet3

78 2872 183 2938 Flere
200 2872 315 2956 palam
331 2891 400 2935 non
417 2870 499 2942 volt,
519 2869 748 2955 exemplaque
766 2868 863 2933 sortia
881 2883 1007 2944 servat,

125 2977 188 3044 Sic
203 2998 269 3064 que
285 2998 375 3040 meos
390 2997 509 3040 muros
525 2983 683 3040 trauseat
698 2976 804 3040 hostis
822 2976 879 3040 ait.

79 3085 151 3151 Dat
166 3096 283 3149 tamen
299 3083 502 3169 exsequias3
528 3104 593 3147 uec
605 3082 678 3170 jam
697 3085 907 3169 suspendere
922 3081 1041 3149 fletum

126 3191 292 3265 Sustinet,
311 3201 345 3254 et
361 3192 469 3274 pietas
486 3189 698 3255 dissimulata
716 3203 818 3275 patet.
1088 3210 1139 3276 850

78 3298 281 3384 Osculaque
298 3296 461 3382 adplicuit
477 3288 764 3382 posito'suprema
781 3297 918 3372 seretr0,

125 3405 241 3491 Atque
259 3404 317 3479 ait,
335 3402 453 3468 htvt'to
464 3405 587 3482 frater
601 3403 772 3490 adempto,
788 3402 890 3467 volat

75 3512 300 3597 Arsurosque
316 3523 408 3574 artus
426 3508 533 3572 unxit.
583 3509 726 3584 Fecere,
745 3511 837 3595 quod
854 3511 925 3585 ille,

118 3616 306 3680 Faustulus
320 3626 356 3678 et
367 3628 520 3681 maestas
535 3614 638 3686 Acca
655 3619 771 3689 soluta
786 3641 930 3697 nomast

61 3717 154 3776 Tum
157 3714 329 3822 juvenem
346 3722 507 3788 nondum
528 3727 616 3798 sacti
633 3731 772 3804 flevere
791 3733 980 3826 Qiritest

92 3807 220 3873 wama
230 3816 377 3894 plorato
393 3831 547 3903 subdita
564 3837 731 3915 flamma
748 3870 849 3940 rogo
868 3856 940 3913 esi·

1120 3747 1182 3810 s=,·,
