2444 4134
79 162 101 215 1.
122 175 144 230 r,
158 161 217 234 58.]
401 143 576 232 Penelope
598 152 632 209 to
663 140 811 230 Ulysses.

74 339 230 430 Argolici
247 341 382 408 rediere
398 341 525 408 duces:
551 340 672 407 altaria
688 340 841 412 sumant3

117 449 261 515 Ponitur
278 452 323 515 ad
339 450 466 535 patrios
482 450 631 514 barbara
648 449 777 532 praeda
795 448 898 520 deos;

73 555 180 621 Grata
197 556 311 621 serunt
327 558 503 644 nymphae
520 577 583 643 pro
600 555 704 620 salvis
721 554 812 618 dona
829 553 958 618 maritis
968 576 978 626 ς

116 662 170 726 Illi
188 664 278 728 victa
296 665 366 729 suis
383 664 512 728 Troica
527 663 596 728 sata
614 671 753 726 canunt.

71 767 244 833 Mirantur
257 769 405 857 justique
424 790 525 834 senes
539 769 761 853 trepidaeque
778 767 936 853 puellae:

113 874 299 940 Narrantis
317 877 468 965 conjunx
485 878 612 961 pendet
628 876 672 940 ab
687 896 747 940 ore
762 873 839 938 viri.
1095 906 1129 960 30

69 979 185 1067 Atque
205 983 329 1069 aliquis
346 985 456 1069 posita
473 994 638 1047 monstrat
653 981 726 1045 sera
743 981 875 1063 proelia
890 1000 1024 1057 mensa,

116 1087 236 1176 Pingit
254 1101 286 1155 et
303 1092 431 1176 exiguo
449 1090 623 1178 Pergama
639 1100 708 1152 tota
725 1110 840 1152 mero:

70 1194 176 1259 ‘Hac
193 1196 264 1262 ibat
280 1197 423 1272 Simois,
442 1199 509 1262 hac
525 1209 576 1262 est
593 1194 713 1283 Sigeia
730 1194 844 1269 tellus,

117 1301 187 1367 Hic
204 1315 341 1369 steterat
359 1303 487 1368 Priami
504 1303 601 1390 regia
619 1303 711 1366 celsa
728 1302 840 1376 senis;

70 1406 148 1472 Illic
163 1409 351 1486 Aeacides,
370 1411 441 1475 illic
459 1411 620 1474 tendebat
637 1408 780 1483 Ulixes3

117 1514 187 1579 Hic
205 1518 320 1580 alacer
337 1518 458 1582 missos
475 1517 593 1580 terruit
612 1515 741 1580 Hector
758 1516 889 1602 equos.’

69 1621 203 1689 Omnia,
216 1643 364 1709 namque
380 1636 438 1688 tuo
456 1623 581 1698 senior,
601 1634 632 1686 te
650 1643 816 1707 quaerere
833 1623 950 1699 missO,

115 1728 297 1793 Retulerat
312 1742 417 1816 gnato
435 1729 574 1805 Nestor,
594 1730 701 1793 atille
720 1729 815 1793 milri.

69 1833 203 1899 Retulit
219 1846 252 1899 et
269 1836 356 1902 ferro
373 1837 601 1923 Rhesumque
618 1836 823 1921 Dolonaque
840 1858 973 1913 caesos,

114 1941 230 2027 thue
247 1942 290 2006 sit
306 1944 361 2008 hic
378 1966 498 2008 somno
515 1945 681 2028 proditus,
700 1942 757 2007 ille
774 1944 865 2008 dolo.
1090 1975 1126 2029 40

68 2047 189 2113 Ausus
205 2070 255 2122 es,
274 2048 306 2114 O
322 2051 464 2115 nimium
482 2051 694 2137 nimiumque
711 2051 813 2115 oblite
831 2065 978 2129 tuorum,

114 2154 267 2220 Thracia
285 2169 450 2222 nocturno
467 2170 610 2244 tangere
628 2171 739 2222 castra
756 2159 849 2233 dolo,

68 2261 206 2347 Totque
224 2263 323 2327 simul
342 2277 491 2329 mactare
508 2270 611 2339 viros,
631 2265 766 2352 adjutus
785 2267 827 2330 ab
844 2265 935 2330 unoi

115 2367 266 2433 Athene
284 2383 403 2436 cautus
420 2393 496 2437 eras
513 2385 547 2436 et
564 2393 696 2436 memor
713 2384 790 2436 ante
808 2371 898 2437 mei?

68 2475 191 2561 Usque
209 2489 300 2542 metu
317 2480 466 2544 micuere
482 2481 589 2555 sinus,
609 2482 691 2546 dum
710 2483 815 2547 victor
833 2482 983 2550 amicum
1089 2514 1123 2572 45

115 2581 237 2648 Dictus
255 2607 291 2649 es
308 2584 460 2652 Ismariis
476 2588 543 2653 isse
560 2610 621 2672 per
639 2609 765 2676 agmen
783 2590 891 2676 equis.

67 2687 141 2753 Sed
160 2690 242 2753 mihi
259 2692 339 2776 quid
356 2695 494 2778 prodest
509 2695 630 2761 vestris
648 2697 790 2783 disjecta
808 2697 944 2764 lacertis

116 2796 197 2862 Ilios
214 2810 246 2863 et
264 2820 378 2864 murus
395 2803 485 2886 quod
503 2803 576 2877 suit,
596 2826 672 2869 esse
689 2807 814 2883 solum,

68 2901 109 2967 Si
128 2925 251 2969 maneo
267 2907 378 2991 qualis
393 2907 498 2995 Troja
516 2911 660 2977 durante
679 2916 872 2991 manebam,

115 3008 245 3096 Virque
263 3013 345 3076 mihi
361 3015 500 3101 dempto
517 3020 584 3083 fine
603 3023 772 3086 carendus
790 3020 907 3087 abest?
1089 3052 1124 3110 50

66 3115 192 3180 Diruta
209 3131 286 3182 sunt
302 3121 389 3195 aliis,
409 3123 467 3185 uni
486 3126 570 3189 mihi
588 3127 759 3214 Pergama
778 3141 916 3206 restant,

114 3222 232 3287 Incola
250 3226 383 3312 captivo
400 3252 489 3317 quae
506 3234 594 3298 bove
612 3235 718 3300 victor
736 3248 819 3299 arat.

60 3329 142 3416 Jam
161 3352 262 3418 seges
278 3345 340 3410 est,
360 3338 418 3404 ubi
435 3339 541 3427 Troia
561 3341 634 3414 suit,
653 3344 909 3428 resecandaque
926 3343 1014 3407 falce

112 3436 283 3504 Luxuriat
300 3442 454 3533 Phrygio
471 3448 640 3533 sanguine
659 3448 796 3534 pinguis
815 3450 959 3524 humus;

64 3542 299 3631 Semisepulta
317 3552 427 3615 virum
445 3554 558 3616 curvis
576 3553 741 3617 feriuntur
758 3555 878 3619 aratris
1086 3587 1119 3644 55

111 3650 223 3727 Ossa3
249 3658 406 3723 ruinosas
422 3659 548 3722 occulit
565 3660 670 3723 herba
687 3661 818 3724 domos.

62 3757 186 3824 Victor
203 3764 306 3829 abes:
332 3785 397 3827 uec
413 3765 501 3828 scire
518 3764 616 3839 mihi,
635 3787 723 3852 quae
741 3786 845 3831 causa
863 3768 1032 3845 morandi,

97 3867 174 3928 Aut
184 3868 220 3927 in
237 3888 307 3949 quo
319 3869 433 3933 lateas
448 3871 584 3939 ferreus
602 3876 704 3955 orbe,
723 3877 818 3946 licet.
