2444 4134
103 128 164 198 124
317 107 471 196 Rtoalry
496 113 542 196 os
556 108 655 198 Ajax
678 109 751 176 and
779 106 928 195 Ulysses.
1010 125 1149 198 [Mam

99 310 176 395 quis
192 319 270 372 tuus
285 330 368 374 usus
386 305 479 373 erat?
525 307 617 373 Nam
635 306 664 374 si
681 328 759 372 mea
775 306 865 372 sacta
881 306 1043 394 requiris,

100 415 253 480 hostibus
269 416 421 491 insidior,
441 416 550 480 fossas
568 415 755 479 munimine
775 415 891 501 cingo,

99 524 257 586 consolor
274 523 396 596 socios,
416 537 452 586 ut
468 523 562 610 longi
580 523 693 586 taedia
710 523 791 586 belli

99 641 212 694 mente
229 630 339 694 serant
356 629 512 714 placida;
538 631 659 704 doceo,
677 651 744 715 quo
761 630 868 694 simus
886 631 1002 698 alendi

100 736 323 822 armandique
340 737 462 810 mod0;
489 736 613 810 mittor,
632 759 699 822 quo
717 739 866 822 postulat
882 761 977 804 usus.
1103 772 1132 812 21
1138 771 1151 828 ς

145 853 154 882 ⁴
171 842 263 906 Ecce
275 842 372 928 Jovis
388 842 531 917 monitu,
549 843 713 927 deceptus
731 843 884 932 imagine
900 847 1028 924 somni,

99 971 161 1014 rex
174 950 270 1038 jubet
286 949 432 1033 incoepti
450 970 567 1039 curam
584 950 752 1015 dimittere
769 953 871 1017 belli=

98 1058 156 1122 ille
172 1068 281 1143 potest
298 1070 435 1121 auctore
451 1078 549 1120 suam
567 1057 753 1124 defendere
770 1081 903 1125 vocem.

97 1186 166 1229 non
184 1164 272 1228 sinat
288 1164 354 1228 hoc
370 1163 476 1250 Ajax,
495 1163 710 1250 delendaque
727 1165 898 1254 Pergama
916 1180 1049 1253 poscat,

96 1271 256 1357 quodque
273 1282 394 1356 potest,
413 1267 565 1356 pugnetl
613 1269 686 1336 Cur
701 1295 770 1338 non
786 1288 976 1339 remoratur
993 1274 1125 1342 ituros?

98 1399 159 1444 cur
176 1401 243 1442 non
261 1399 357 1442 arma
375 1378 477 1462 capit,
497 1379 569 1454 dat,
586 1382 678 1466 quod
697 1403 788 1469 vaga
804 1383 902 1446 turba
918 1381 1107 1468 sequatur?

97 1507 166 1551 non
183 1497 256 1550 erat
272 1486 338 1548 hoc
355 1485 498 1548 nimium
517 1509 703 1574 numquam
721 1488 784 1551 nisi
804 1509 931 1575 magna
948 1489 1116 1574 loquenti.

97 1594 287 1681 quidquod
305 1605 337 1656 et
353 1593 426 1677 ipse
444 1593 553 1680 fugit?
598 1595 693 1669 Vidi,
712 1594 899 1680 puduitque
915 1594 1048 1670 videre,

98 1721 176 1765 curn
193 1712 228 1764 tu
246 1713 342 1787 terga
360 1700 475 1775 dares,
493 1702 740 1788 inhonestaque
757 1702 835 1766 vela
852 1721 1004 1787 parares.

97 1827 162 1870 nec
180 1827 296 1871 morat
320 1805 588 1890 ,Quidsacitisf
611 1830 699 1894 quae
714 1830 773 1872 vos
789 1809 959 1872 dententz'a
981 1808 1092 1897 (dixi)

97 1910 260 1988 concitfft,
283 1912 315 1978 Ο
329 1916 424 1989 socii,
443 1922 580 2001 captam
598 1916 771 1979 dimittere
795 1913 829 1979 T
824 1911 970 2000 rojam?

98 2021 225 2107 qualive
240 2020 496 2106 donztcrnsertis
512 2023 654 2095 decimo,
673 2022 745 2084 nai
756 2022 913 2095 dedecus,
932 2016 1063 2086 anno?

97 2128 222 2191 talibus
240 2139 341 2214 atque
359 2130 445 2203 aliis,
463 2129 497 2191 in
514 2150 603 2214 quae
620 2129 716 2192 dolor
732 2129 806 2212 ipse
823 2128 986 2191 disertum

97 2233 237 2308 fecerat,
257 2256 396 2300 aversos
413 2235 559 2322 profuga
576 2237 618 2300 de
636 2236 747 2298 classe
763 2232 897 2298 reduxi.

145 2341 348 2409 ‘Convocat
365 2341 503 2407 Atrides
520 2342 629 2406 socios
646 2353 772 2405 terrore
790 2352 976 2425 paventes3
1100 2370 1152 2425 23⁰

98 2470 163 2514 nec
178 2449 447 2514 Telamoniades
465 2448 566 2512 etiam
584 2469 676 2511 nunc
694 2448 825 2522 hiscere
842 2446 1027 2532 quicquam

98 2558 213 2622 audet.
262 2559 309 2623 At
326 2581 429 2623 ausus
447 2569 520 2622 erat
536 2577 637 2642 reges
655 2555 825 2618 incessere
843 2552 942 2618 dictis

97 2667 288 2741 Thersites,
308 2668 414 2731 etiam>
428 2687 489 2751 per
506 2686 560 2729 me
579 2663 670 2726 haud
687 2662 840 2745 impune,
858 2657 1035 2745 protervis.

98 2774 227 2861 erigor,
244 2784 277 2838 et
292 2775 441 2858 trepidos
459 2774 551 2836 cives
569 2771 729 2834 exhortor
746 2767 780 2830 in
798 2767 944 2841 hostem,

99 2883 330 2967 amissamque
347 2901 425 2944 mea
441 2880 598 2943 virtutem
616 2896 700 2941 voce
718 2895 874 2958 reposco.
1100 2903 1152 2958 235

98 3001 251 3073 tempore
269 2989 311 3052 ab
330 2989 406 3063 hoc,
425 2987 666 3073 quodcumque
688 2992 796 3068 potest
812 2980 934 3044 secisse
950 2978 1058 3043 videri

100 3095 227 3159 fortiter
242 3095 316 3169 iste,
337 3114 450 3157 meum
468 3103 530 3164 est,
549 3092 606 3176 qui
624 3092 762 3155 dantem
781 3101 878 3174 terga
895 3085 1035 3150 retraxi.

96 3202 246 3287 ¹denique
263 3201 306 3265 de
324 3200 455 3263 Danais
472 3197 548 3283 quis
564 3209 596 3262 te
613 3197 774 3261 laudatve
793 3190 940 3279 petitve?

145 3307 218 3373 ‘At
235 3328 296 3373 sua
312 3306 468 3392 Tydides
487 3326 621 3368 mecum
640 3303 871 3368 communicat
888 3311 979 3376 acta,

100 3439 154 3481 me
173 3416 304 3501 probat,
324 3424 356 3476 et
373 3411 465 3476 socio
483 3431 619 3494 semper
636 3410 775 3474 confidit
793 3408 911 3474 Ulixe.
1101 3435 1153 3488 24⁰

100 3535 151 3587 est
167 3521 308 3608 aliquid,
328 3520 370 3583 de
387 3529 432 3582 tot
451 3517 633 3581 Graiorum
652 3516 789 3580 milibus
806 3536 912 3578 unum

100 3652 120 3694 a
138 3629 305 3694 Diomede
323 3624 405 3713 legi.
455 3622 532 3688 Nec
549 3645 604 3687 me
621 3645 694 3687 sors
711 3623 759 3686 ire
773 3621 936 3709 jubebat:

101 3737 150 3801 sic
165 3748 292 3809 tamen,
311 3744 344 3798 et
360 3744 473 3817 spreto
489 3730 665 3814 noctisque
683 3728 856 3813 hostisque
874 3726 1015 3811 pericIO,

87 3865 213 3906 ausum
232 3843 368 3920 eadem,
389 3861 481 3931 quae
499 3861 576 3917 ηοε,
594 3835 754 3926 Phrygia
770 3835 814 3900 de
832 3844 935 3920 gente
947 3833 1089 3897 Dolona
