2444 4134
66 145 113 215 40
379 122 554 212 Pyramus
577 125 651 189 and
679 122 813 189 Thisbe.
978 139 1125 209 [Marma.

69 324 235 388 audacem
254 323 400 387 faciebat
417 327 520 386 amor.
568 320 673 385 Venit
690 342 771 385 ecce
788 318 916 385 recenti

68 432 174 495 caede
193 431 313 493 leaena
331 429 432 493 boum
451 440 649 513 spumantes
666 428 769 491 oblita
788 428 905 501 rictus,

68 537 263 622 depositura
281 535 368 598 sitim
387 535 487 598 vicini
507 535 607 599 sontis
625 535 658 597 in
675 534 780 597 unda.

68 665 170 729 quarn
190 643 306 728 procul
325 644 368 706 ad
385 644 487 705 lunae
504 642 618 706 radios
636 640 829 725 Babylonia
845 640 979 707 Thisbe

67 750 162 824 vidit,
182 762 213 814 et
230 750 412 813 obscurum
429 748 562 833 trepido
580 748 667 832 pede
685 747 772 833 sugit
789 747 823 811 in
841 761 990 824 antrum,
1075 782 1127 826 100

68 858 218 942 dumque
235 857 333 942 fugit,
352 867 449 941 tergo
466 855 638 918 velamina
657 854 753 938 lapsa
770 854 915 941 reliquit.

68 976 104 1027 ut
120 964 174 1026 lea
191 984 295 1027 saeva
312 962 401 1026 sitim
420 962 526 1024 multa
544 961 753 1045 compescuit
771 963 875 1036 unda,

68 1071 149 1134 dum
167 1071 253 1134 redit
270 1069 303 1132 in
321 1069 438 1141 silvas,
458 1068 613 1132 inventos
631 1068 715 1132 sorte
733 1069 806 1133 sine
824 1071 898 1153 ipsa
973 1108 978 1115 ·

67 1199 126 1242 ore
143 1186 318 1240 cruentato
335 1186 455 1238 tenues
472 1173 613 1238 laniavit
630 1175 785 1240 amictus.
1118 1262 1121 1266 Ι

113 1281 231 1347 Serius
248 1303 423 1369 egressus,
442 1280 587 1367 vestigia
605 1281 687 1345 vidit
704 1282 738 1345 in
757 1283 824 1346 alto
852 1357 855 1361 ἵ
1075 1316 1125 1371 ¹03

68 1391 208 1474 pulvere
225 1401 317 1453 certa
331 1388 437 1462 ferae,
455 1398 591 1475 totoque
609 1389 773 1473 expalluit
790 1412 848 1452 ore
1149 1392 1152 1397 ’

68 1496 247 1582 Pyramus.
295 1493 344 1559 Ut
359 1515 440 1558 vero
457 1507 584 1559 vestem
603 1517 738 1581 quoque
756 1496 924 1582 sanguine
940 1494 1084 1562 tinctam

68 1602 228 1686 repperit,
249 1599 352 1665 ‘Una
369 1601 474 1665 duos'
490 1602 597 1687 inquit
615 1615 707 1666 ‘nox
725 1604 843 1687 perdet
860 1617 1038 1669 amantes:

68 1730 87 1773 e
103 1708 226 1794 quibus
242 1706 301 1770 illa
317 1706 379 1772 suit
393 1708 500 1794 longa
517 1709 719 1795 dignissima
737 1709 817 1784 vita,

68 1830 182 1878 nostra
199 1835 327 1878 nocens
344 1815 459 1878 anima
477 1827 546 1878 est:
572 1837 637 1902 ego
655 1829 699 1889 te,
719 1816 925 1892 miseranda,
945 1817 1090 1902 peremi,
1178 1836 1180 1845 ·

68 1922 103 1985 in
121 1923 197 1987 loca
215 1923 317 2006 plena
335 1933 444 1986 metus
461 1922 517 2008 qui
533 1923 618 2009 jussi
636 1935 734 1987 nocte
751 1925 899 2000 venireS,
1040 1916 1045 1927 ’

69 2050 133 2092 nec
151 2028 241 2113 prior
259 2030 326 2093 huc
342 2030 433 2092 veni.
482 2028 645 2092 Nostrum
664 2029 813 2093 divellite
830 2050 967 2115 corpus,

68 2148 100 2200 et
117 2136 282 2200 scelerata
300 2136 371 2200 sero
389 2135 578 2199 consumite
596 2136 725 2201 viscera
744 2158 871 2212 morsu,

68 2242 100 2307 Ο
116 2243 322 2328 quicumque
340 2244 403 2308 sub
421 2244 487 2306 hac
504 2242 662 2306 habitatis
679 2263 776 2327 rupe,
795 2245 924 2309 leones.

67 2351 127 2414 sed
144 2349 251 2413 timidi
269 2361 320 2413 est
336 2361 454 2433 optare
472 2348 615 2412 necem.'
626 2347 855 2413 -Velamina
871 2349 1023 2418 Thisbes
1072 2382 1119 2439 ¹¹⁵

66 2457 163 2531 tollit,
184 2468 215 2520 et
233 2457 275 2518 ad
295 2466 415 2539 pactae
431 2474 550 2518 secum
568 2454 632 2518 sert
649 2455 779 2530 arboris
796 2456 965 2520 umbram.

67 2577 169 2650 utque
188 2564 280 2628 dedit
296 2573 396 2626 notae
413 2561 586 2636 lacrimas,
606 2562 699 2625 dedit
713 2564 832 2626 oscula
848 2562 945 2639 vesti,

67 2671 218 2755 ‘Accipe
231 2669 337 2734 nunc’
348 2668 457 2754 inquit
468 2678 476 2706 ⁴
489 2667 592 2731 nostri
604 2689 739 2754 quoque
750 2669 928 2755 sanguinis
939 2668 1082 2739 haustus
1095 2670 1119 2735 l⁹

65 2800 200 2864 quoque
218 2789 290 2840 erat
305 2776 492 2849 accinctus,
511 2775 646 2839 demisit
662 2775 696 2837 in
714 2775 771 2838 ilia
788 2776 935 2850 serrum:

65 2906 130 2948 nec
148 2906 255 2959 mora,
275 2884 416 2949 ferventi
435 2883 584 2947 moriens
600 2903 619 2945 e
637 2883 777 2946 vulnere
794 2883 908 2946 traxit.
1069 2917 1118 2956 rm

111 2991 157 3055 Ut
168 2991 277 3078 jacuit
293 2992 473 3076 resupinus
492 2992 609 3064 humo,
628 3010 729 3052 cruor
745 2989 870 3052 emicat
886 2990 973 3054 alte:

64 3120 131 3161 non
151 3099 261 3174 aliter,
279 3120 382 3185 quam
399 3119 478 3162 cum
495 3097 611 3162 vitiato
628 3096 740 3160 fistula
758 3096 897 3179 plumbo

65 3204 241 3281 scinditur,
260 3217 292 3269 et
308 3205 400 3269 tenui
416 3205 579 3269 stridente
597 3203 764 3268 foramine
781 3202 905 3290 longas

64 3311 253 3399 ejaculatnr
270 3333 389 3398 aquas,
408 3325 509 3397 atque
526 3311 648 3376 ictibus
665 3316 745 3376 aera
762 3310 900 3396 rumpit.

66 3417 197 3482 arborei
214 3419 300 3482 setus
319 3419 501 3504 aspergine
517 3417 634 3484 caedis
651 3418 685 3481 in
703 3429 813 3482 atram
1066 3450 1115 3505 ης

64 3536 239 3589 vertuntur
256 3525 390 3599 faciem,
411 3524 671 3610 madefactaque
688 3525 857 3611 sanguine
875 3525 975 3590 radix

65 3632 210 3716 puniceo
227 3631 350 3716 tinguit
365 3630 548 3715 pendentia
566 3651 661 3694 mora
679 3632 803 3695 colore.

111 3737 202 3801 Ecce
220 3750 310 3800 metu
327 3737 479 3800 nondum
496 3736 617 3821 posim,
638 3758 680 3801 ne
698 3738 793 3802 sallat
809 3738 1016 3814 amantem‚''

46 3843 110 3901 illa
125 3844 228 3917 redit,
237 3843 482 3931 juvenemque
498 3843 610 3908 oculis
629 3843 812 3930 animoque
828 3846 984 3930 requirit,
