2444 4134
49 181 53 184 ,
75 128 217 200 Xt.169.]
317 111 457 178 Contcst
479 113 526 194 of
539 109 618 174 Pan
643 119 717 172 and
737 107 878 194 Apollo·
1061 123 1126 191 109

74 308 197 373 ‘Neve
215 309 306 373 male
322 318 438 394 optato
454 327 596 371 maneas
614 304 823 370 circumlitus
840 324 937 379 auro,

71 416 177 481 vade‘
194 415 242 481 ait
259 415 327 480 ‘ad
344 414 481 501 magnis
496 413 648 477 vicinum
665 410 833 476 Sardibus
851 430 1001 486 amnem,

70 543 199 608 perque
211 521 337 610 jugum
355 520 479 585 montis
495 518 689 584 labentibus
704 517 825 582 obvius
843 517 944 582 undis

70 621 173 713 carpe
189 628 297 703 viam,
316 629 427 692 donec
442 626 562 690 venias
579 625 624 690 ad
640 623 791 688 fluminis
809 637 922 696 ortus:

70 735 338 822 spumigeroque
355 745 451 797 tuum
468 732 565 806 sonti,
583 753 651 816 quo
669 730 836 815 plurimus
854 732 935 806 exit,
1075 763 1124 815 140

70 842 176 905 subde
194 851 311 925 caput,
330 860 522 925 corpusque
540 837 655 910 simul,
674 837 775 901 simul
794 839 870 903 elue
887 839 1042 904 crimen.'

69 969 129 1012 rex
142 947 262 1035 jussae
280 945 432 1011 succedit
448 966 571 1031 aquae.
620 941 684 1008 Vis
702 965 806 1008 aurea
823 945 921 1010 tinxit

69 1053 212 1129 flumen,
231 1064 264 1118 et
280 1053 431 1117 humano
448 1052 491 1116 de
508 1072 650 1136 corpore
668 1052 768 1117 cessit
784 1052 817 1116 in
835 1074 984 1117 amnem.

69 1181 161 1224 nunc
177 1180 314 1246 quoque
327 1159 401 1247 jam
417 1158 542 1222 veteris
559 1170 722 1244 percepto
739 1159 868 1224 semine
884 1181 994 1225 venae

69 1287 153 1331 arva
170 1267 283 1354 rigent
300 1287 383 1330 auro
401 1265 547 1329 madidis
565 1266 728 1350 pallentia
746 1266 869 1354 glebis.
1074 1299 1121 1353 145

113 1373 192 1448 Ille,
211 1394 354 1458 perosus
370 1393 467 1456 opes,
487 1371 589 1437 silvas
607 1384 639 1436 et
655 1393 734 1436 rura
752 1373 898 1447 colebat,

67 1478 236 1566 Panaque
254 1479 424 1543 montanis
441 1479 651 1543 habitantem
669 1499 805 1563 semper
822 1480 856 1544 in
874 1481 991 1546 antris.

66 1586 199 1674 pingue
216 1586 277 1650 sed
294 1585 473 1672 ingenium
491 1586 634 1659 mansit3
661 1586 895 1673 nocituraque,
916 1601 951 1652 ut
968 1599 1058 1664 ante,

66 1713 186 1756 rursus
203 1701 300 1754 erant
316 1690 455 1755 domino
472 1690 614 1755 stolidae
631 1691 832 1775 praecordia
850 1693 982 1757 mentis.

65 1821 149 1863 narn
167 1799 254 1862 freta
270 1797 481 1883 prospiciens
498 1798 565 1862 late
581 1797 671 1884 riget
688 1799 815 1862 arduus
832 1799 899 1862 alto
1072 1831 1121 1885 150

64 1905 215 1970 Tmolus
231 1905 266 1969 in
283 1925 441 1979 ascensu,
461 1904 617 1991 clivoque
634 1916 795 1970 extensus
812 1917 954 1992 utroque

65 2012 237 2078 Sardibus
254 2013 348 2086 hinc,
366 2011 460 2076 illinc
476 2011 591 2096 parvis
607 2011 722 2076 finitur
739 2011 930 2097 Hypaepis.

65 2119 143 2186 Pan
159 2119 206 2186 ibi
222 2121 305 2184 dum
323 2119 447 2184 teneris
458 2119 565 2206 jactat
581 2140 643 2183 sua
660 2119 811 2182 carmina
828 2120 1005 2205 nymphis,

65 2239 100 2293 et
115 2229 194 2292 leve
211 2237 324 2291 cerata
341 2226 535 2290 modulatur
551 2225 718 2289 arundine
735 2246 886 2300 carmen,

66 2356 173 2400 ausus
190 2331 393 2419 Apollineos
410 2352 492 2417 prae
509 2353 546 2396 se
564 2345 780 2397 contemnere
798 2346 930 2409 cantus,
1072 2365 1117 2421 ¹55

63 2441 182 2532 judice
204 2441 269 2506 sub
291 2439 418 2505 Tmolo
435 2449 607 2504 certamen
624 2438 716 2502 venit
733 2439 775 2503 ad
794 2438 916 2524 impar.

111 2548 234 2614 Monte
251 2570 313 2613 suo
330 2547 444 2612 senior
456 2545 564 2634 judex
580 2546 745 2621 consedit,
765 2558 797 2610 et
813 2567 913 2612 aures

64 2658 190 2723 liberat
206 2656 405 2722 arboribus:
430 2675 559 2741 quercu
576 2673 675 2718 coma
692 2655 831 2718 caerula
848 2664 978 2718 tantum

66 2761 231 2849 cingitur,
249 2771 282 2825 et
298 2759 448 2844 pendent
465 2757 594 2823 circum
613 2777 698 2822 cava
714 2768 869 2840 tempora
886 2758 1044 2844 glandes.

64 2868 165 2954 isque
182 2867 284 2931 deum
302 2865 435 2951 pecoris
452 2879 624 2950 spectans,
645 2877 653 2905 ⁶
670 2863 709 2927 ln
723 2864 858 2952 judice’
874 2865 959 2928 dixit
1070 2880 1119 2936 160

67 2974 191 3038 ‘nulla
208 2994 303 3037 mora
320 2972 394 3036 est.’
441 2970 595 3038 Calamis
613 2971 804 3060 agrestibus
822 2970 956 3034 insonat
972 2972 1048 3034 ille:

63 3081 316 3166 barbaricoque
333 3078 455 3144 Midan
468 3117 512 3127 -
525 3081 643 3144 aderat
659 3101 740 3143 nam
757 3079 842 3143 sorte
859 3079 993 3142 canenti
1006 3117 1050 3127 -

65 3188 222 3254 carmine
240 3186 377 3251 delenit.
427 3184 509 3251 Post
525 3188 616 3250 hunc
634 3209 732 3251 sacer
749 3209 807 3252 ora
825 3185 957 3250 retorsit

63 3295 215 3360 Tmolus
232 3295 275 3359 ad
292 3316 329 3358 os
346 3292 498 3357 Phoebi:
524 3295 652 3357 vultum
671 3317 732 3358 sua
750 3297 835 3360 silva
854 3307 969 3360 secuta
987 3306 1048 3358 est.

112 3401 190 3475 Ille,
211 3412 312 3484 caput
327 3398 456 3462 flavum
473 3399 569 3464 lauro
587 3399 775 3467 Parnaside
794 3404 940 3477 vinctuS,
1070 3416 1116 3485 165

64 3508 172 3574 verrit
187 3509 329 3570 humum
346 3506 455 3592 Tyrio
472 3519 620 3570 saturata
639 3509 767 3573 murice
787 3513 899 3595 palla3

64 3615 323 3699 instrictamque
340 3612 443 3676 fidem
460 3613 607 3698 gemmis
625 3625 657 3676 et
673 3615 830 3681 dentibus
848 3619 942 3682 Indis

65 3722 212 3788 sustinet
228 3741 249 3783 a
265 3720 376 3792 laeva,
394 3720 502 3782 tenuit
519 3741 639 3783 manus
658 3721 762 3784 altera
780 3723 967 3806 plectrum:

62 3825 205 3889 artificis
217 3836 326 3885 status
340 3823 416 3906 ipse
432 3824 505 3888 fait.
558 3825 652 3892 Tum
671 3830 823 3898 stamina
840 3832 944 3900 docto
