2444 4134
95 126 155 181 XV.
176 123 253 197 766]
371 103 445 172 The
467 104 738 199 Apotheosis'of
763 105 894 170 ebear.
1085 121 1149 190 149

242 436 383 503 XXIII.
417 438 503 504 Tan
526 437 762 505 Aeorunos1s
787 455 833 500 or
856 434 1008 501 Casan.

427 627 532 700 [1³00K
550 626 816 697 XV·-745-879·]

144 807 254 860 Arana
272 804 321 858 the
340 803 478 872 triumphs
497 804 526 855 of
546 802 649 869 Caesar,
664 801 720 854 and
738 800 782 853 his
801 799 884 854 death
902 797 941 870 by
959 797 1104 868 treachery
1122 796 1153 849 ol

95 892 135 946 his
149 894 265 959 friends,
276 894 375 946 Venus
388 889 521 945 obtained
533 889 604 942 from
617 889 725 958 Jupiter
737 889 797 942 that
809 887 844 940 he
857 886 959 940 should
972 885 1008 940 be
1021 884 1150 938 received

94 980 150 1033 into
164 982 211 1034 the
224 981 344 1033 number
355 978 389 1032 ol
402 979 449 1033 the
472 977 640 1039 Immortals,
652 994 712 1030 —a
724 976 816 1028 native
829 975 914 1044 deity,
928 973 1009 1026 while
1022 971 1149 1025 AEscula-

94 1069 155 1136 pius
178 1085 236 1120 was
260 1067 293 1120 of
316 1066 423 1137 foreign
448 1066 538 1137 origin
560 1065 718 1132 <745—844).
758 1063 814 1117 She
840 1063 920 1115 takes
943 1060 1080 1115 therefore
1106 1059 1149 1111 his

94 1156 175 1223 spirit
196 1173 228 1208 as
255 1154 291 1207 he
317 1154 387 1219 falls,
408 1153 465 1206 and
482 1153 565 1206 bears
587 1152 608 1204 it
625 1151 722 1217 above,
743 1151 788 1203 his
807 1150 874 1219 path
893 1148 979 1219 being
997 1149 1094 1200 shown
1113 1146 1151 1216 by

94 1259 110 1294 a
133 1243 302 1294 miraculous
324 1250 384 1294 star
406 1241 496 1294 which
518 1238 658 1308 appeared
680 1239 708 1291 in
730 1239 776 1292 the
802 1238 926 1291 heavens
950 1235 1044 1290 athis
1066 1233 1149 1287 death

96 1331 259 1399 (845-880).

146 1418 357 1481 Coucnusrou,
376 1414 508 1486 881-889

180 1589 360 1655 IC'tamen
377 1590 522 1655 accessit
537 1590 690 1655 delubris
707 1590 842 1654 advena
860 1587 1005 1653 nostris:

97 1773 101 1781 .
202 1696 334 1761 Caesar
348 1697 381 1760 in
396 1697 491 1761 Urbe
504 1717 567 1761 sua
584 1698 746 1772 deusest,
761 1718 864 1783 quem
879 1708 986 1759 marte
999 1706 1149 1780 togaque

93 1805 318 1890 praecipuum
337 1826 404 1868 non
422 1803 512 1868 bella
532 1804 643 1891 magis
660 1804 755 1867 finita
773 1802 967 1887 triumphis,

93 1933 217 1996 resque
236 1910 328 1974 domi
345 1923 462 1997 gestae
480 1923 730 1996 properataque
748 1908 858 1997 gloria
876 1930 1003 1983 rerum,

93 2020 128 2081 in
146 2019 242 2082 sidus
259 2028 388 2081 vertere
406 2038 531 2080 novum
549 2017 752 2102 stellamque
770 2027 978 2089 comantem,

93 2146 197 2210 quam
217 2145 279 2187 sua
299 2123 492 2208 progenies.
543 2121 667 2208 Neque
684 2123 776 2186 enim
793 2123 836 2186 de
854 2120 1014 2187 Caesaris
1032 2119 1116 2184 actis

92 2231 204 2294 ullum
223 2229 333 2316 majus
349 2250 447 2313 opus,
466 2250 569 2314 quam
586 2229 677 2315 quod
696 2242 793 2314 pater
809 2228 934 2293 exstitit
952 2227 1065 2313 hujus.

93 2338 226 2402 scilicet
243 2357 430 2420 aequoreos
447 2335 523 2420 plus
541 2347 591 2399 est
608 2336 781 2400 domuisse
799 2333 997 2407 Britannos

93 2465 224 2527 perque
242 2441 427 2526 papyriferi
444 2441 682 2526 semptemflua
698 2442 842 2505 flumina
858 2440 932 2504 Nili

94 2548 253 2612 victrices
270 2549 382 2633 egisse
400 2561 502 2622 rates,
520 2547 761 2635 Numidasque
777 2549 923 2613 rebelles

93 2655 377 2741 Cinyphiumque
390 2655 531 2740 Jubam‚
551 2653 850 2742 Mithridateisque
866 2667 1053 2720 tumentem
1097 2685 1147 2741 753

94 2762 292 2826 nominibus
309 2761 455 2826 Pontum
473 2764 600 2848 populo
618 2763 785 2850 adjecisse
804 2762 955 2847 Quirini,

94 2882 126 2933 et
144 2869 268 2932 multos
286 2869 463 2943 meruisse,
482 2856 615 2955 aliquos
633 2871 746 2957 egisse
763 2870 966 2954 triumphos,

92 2996 198 3062 quam
215 2986 346 3038 tantum
363 2975 525 3065 genuisse
542 2975 676 3040 virum?
724 2976 805 3062 Quo
822 2967 980 3063 praeside
996 2998 1109 3041 rerum

93 3084 247 3145 humano
264 3081 396 3167 generi,
416 3080 554 3166 Superi,
575 3083 704 3147 favistis
722 3084 870 3148 abunde.

138 3187 196 3252 Ne
214 3188 298 3251 foret
315 3187 370 3252 hic
387 3187 490 3275 igitur
509 3191 639 3254 mortali
659 3191 788 3254 semine
806 3203 930 3265 cretuS,
1097 3205 1148 3273 760

91 3298 151 3362 ille
169 3298 255 3361 deus
273 3297 449 3362 faciendus
467 3311 551 3362 erat.
603 3298 708 3382 Qud
726 3312 761 3364 ut
778 3321 882 3364 aurea
897 3300 981 3365 vidit

91 3404 238 3468 Aeneae
254 3405 417 3491 genitrIx,
436 3406 520 3469 vidit
536 3427 672 3492 quoque
690 3407 781 3470 triste
800 3406 913 3491 parari

90 3511 245 3598 pontifici
264 3513 367 3575 letum
387 3523 420 3576 et
435 3513 613 3599 conjurata
631 3534 726 3577 arma
744 3513 885 3589 moveri,

88 3619 214 3703 palluit
223 3639 234 3690 3
260 3619 451 3694 etfflcnnctis,
472 3631 510 3683 ut
523 3619 648 3706 cuique
666 3631 739 3686 erat
754 3621 870 3707 obvia,
888 3621 977 3688 diuis

64 3719 411 3828 '‘aspicessdicebat
428 3733 582 3808 ‘quanta
603 3729 692 3798 mihi
711 3735 807 3802 mole
825 3745 996 3825 parentur
1119 3745 1176 3816 aba,

53 3815 215 3887 rnsrdrae,
235 3820 441 3908 quantaque
457 3848 572 3918 caput
589 3862 682 3912 cum
699 3849 840 3918 fraude
856 3843 1027 3940 petatur,
