2444 4134
65 161 111 214 11.
134 159 209 231 244]
336 139 597 228 Conflogratron
624 142 671 225 of
684 140 741 205 the
763 137 895 203 Eartk.
1082 151 1122 220 25

63 339 219 424 fissaque
236 338 307 425 agit
323 337 440 412 rimas,
458 349 492 402 et
508 337 599 403 sucis
617 348 689 402 aret
705 336 886 421 ademptis.

64 445 197 530 pabula
214 456 420 518 canescunt3
447 465 524 508 cum
543 444 720 508 frondibus
736 444 845 508 uritur
861 443 975 518 arbor,

65 550 316 636 materiamque
334 572 396 615 suo
412 551 553 635 praebet
569 571 671 637 seges
688 550 785 614 arida
802 550 942 614 damno.

64 679 177 743 parva
192 678 336 743 queror:
361 677 511 743 magnae
528 667 673 741 pereunt
689 676 767 720 cum
786 656 966 720 moenibus
982 655 1097 729 urben

66 784 217 849 cumque
234 762 303 827 suis
319 773 405 856 totas
422 763 557 848 populis
574 762 735 827 incendia
752 774 873 848 gentes
1071 793 1120 848 215

64 870 101 933 in
121 869 271 933 cinerem
288 880 431 933 vertunt.
479 868 597 934 Silvae
614 890 693 933 cum
711 871 881 934 montibus
898 870 1038 934 ardent:

66 977 166 1041 ardet
181 974 306 1050 Athos,
324 975 530 1061 Taurusque
548 974 652 1050 Cilix,
672 986 705 1040 et
720 976 865 1041 Tmolus
882 987 914 1040 et
930 975 1029 1044 Oete.

66 1094 100 1147 et
116 1093 190 1146 tum
206 1082 311 1156 sicca,
331 1083 424 1166 prius
442 1082 666 1147 celeberrima
684 1083 846 1158 sontibus,
866 1082 940 1156 Ida,

68 1190 313 1276 virgineusque
332 1188 493 1262 Helicon,
513 1202 545 1254 et
562 1191 714 1254 nondum
731 1190 905 1277 Oeagrius
924 1190 1089 1254 Haemos.

68 1297 166 1363 ardet
183 1295 216 1358 in
234 1295 440 1359 immensum
457 1296 640 1383 geminatis
658 1297 795 1384 ignibus
813 1296 937 1370 Aetne,
1071 1327 1122 1364 220

68 1401 310 1488 Parnasusque
327 1401 458 1487 biceps,
478 1415 510 1467 et
527 1402 623 1490 Eryx
640 1417 673 1468 et
689 1403 848 1490 Cynthus
865 1415 897 1468 et
914 1403 1056 1488 Othrys,

69 1520 103 1573 et
119 1509 258 1573 tandem
276 1508 412 1573 nivibus
430 1509 602 1595 Rhodope
620 1511 779 1584 caritura,
800 1510 995 1597 Mimasque

70 1615 316 1700 Dindymaque
334 1627 366 1679 et
382 1615 523 1702 Mycale
541 1629 707 1704 natusque
725 1619 768 1682 ad
786 1639 884 1681 sacra
902 1616 1099 1682 Cithaeron.

69 1743 136 1786 nec
153 1734 294 1806 prosunt
311 1721 475 1807 Scythiae
492 1745 554 1788 sua
572 1724 720 1810 frigora:
746 1723 924 1789 Caucasus
942 1723 1049 1797 ardet,

70 1828 230 1914 Ossaque
247 1850 324 1893 cum
343 1829 465 1905 Pindo,
485 1831 659 1918 majorque
678 1831 843 1895 ambobus
861 1829 1045 1915 Olympus,
1073 1859 1122 1914 ²²5

71 1936 254 2022 aeriaeque
271 1935 392 2020 Alpes,
411 1950 444 2001 et
460 1938 594 2001 nubifer
610 1936 852 2022 Appenninus.

118 2042 209 2105 Tum
228 2065 307 2107 vero
324 2043 501 2108 Phaethon
518 2045 650 2110 cunctis
667 2068 686 2108 e
702 2045 855 2129 partibus
871 2044 989 2109 orbem

71 2149 196 2234 aspicit
212 2170 409 2225 accensum,
428 2172 492 2214 nec
509 2163 619 2215 tantos
637 2151 779 2216 sustinet
796 2164 922 2225 aestus,

71 2257 311 2343 ferventesque
329 2277 430 2321 auras
447 2258 539 2320 velut
556 2279 574 2321 e
592 2257 731 2322 fornace
749 2258 918 2342 profunda

71 2385 132 2429 ore
149 2364 262 2438 trahit,
283 2384 469 2450 currusque
486 2387 565 2429 suos
583 2366 790 2429 candescere
808 2365 918 2429 sentit.
1074 2394 1126 2448 230

72 2484 108 2536 et
122 2493 234 2558 neque
246 2461 320 2559 jam
339 2470 472 2534 cineres
489 2471 736 2558 ejectatamque
755 2471 907 2535 favillam

72 2580 163 2643 serre
180 2589 301 2662 potest,
321 2577 500 2664 calidoque
518 2578 700 2641 involvitur
716 2578 866 2664 undique
883 2578 988 2642 sumo.

73 2707 210 2772 quoque
227 2697 295 2760 eat,
315 2697 373 2749 aut
388 2685 445 2749 ubi
463 2684 517 2757 sit,
537 2685 635 2769 picea
653 2685 801 2771 caligine
818 2697 924 2750 tectus

75 2793 195 2868 nescit,
214 2804 247 2857 et
264 2792 401 2857 arbitrio
417 2793 596 2857 volucrum
613 2802 765 2876 raptatur·
781 2814 958 2878 equorum.

121 2898 301 2988 Sanguine
318 2911 401 2963 tunc
412 2901 555 2964 credunt
571 2899 606 2962 in
625 2919 768 2983 corpora
785 2919 919 2963 summa
935 2908 1056 2963 vocato
1076 2927 1126 2982 235

76 3004 286 3091 Aethiopum
304 3008 448 3092 populos
466 3007 604 3093 nigrum
621 3007 766 3071 traxisse
784 3006 954 3078 colorem;

75 3123 146 3177 tum
164 3113 255 3177 facta
272 3125 323 3177 est
339 3111 451 3199 Libye
469 3114 573 3198 raptis
592 3113 790 3178 humoribus
808 3123 903 3176 aestu

77 3219 194 3294 arida3
219 3231 291 3284 tum
309 3221 483 3305 nymphae
501 3221 610 3305 passis
628 3222 805 3307 sontesque
824 3221 987 3305 lacusque

78 3325 247 3390 deflevere
265 3325 392 3399 comis3
417 3328 548 3413 quaerit
565 3326 705 3392 Boeotia
724 3328 866 3402 Dircen,

77 3432 194 3520 Argos
211 3432 445 3520 Amymonen,
465 3433 605 3520 Ephyre
623 3435 802 3500 Pirenidas
820 3434 952 3508 undas3
1078 3460 1130 3512 240

79 3559 144 3605 nec
160 3540 275 3605 sortita
292 3541 367 3604 loco
384 3541 547 3605 distantes
562 3541 705 3606 flumina
722 3544 814 3627 ripas

78 3657 150 3710 tuta
167 3658 326 3713 manent:
352 3647 472 3711 mediis
489 3647 621 3711 Tanais
638 3648 781 3712 sumavit
797 3649 831 3711 in
849 3647 963 3723 undis,

80 3750 281 3839 Peneosque
299 3774 418 3828 senex,
436 3753 759 3842 Teuthranteusque
776 3753 916 3828 Caicus,

77 3870 113 3918 er
124 3859 217 3918 celer
227 3858 384 3923 Ismenos
400 3879 478 3927 cum
496 3859 680 3952 Phegiaco
697 3863 939 3956 Erymantho,
