2444 4134
112 125 155 194 68
345 127 381 195 Τ
373 129 415 193 he
437 128 709 194 Enchuntmcnts
733 133 778 209 of
792 127 931 194 Medea.
1022 147 1163 220 [Mam

113 325 319 414 aggrediare
336 325 445 400 nefas,
464 338 497 390 et
513 327 594 390 dum
612 326 701 400 lieet,
720 325 836 414 effuge
853 326 1008 392 crimen.’

113 435 218 507 dixit3
244 444 277 496 et
294 444 371 496 ante
387 434 506 497 oculos
524 446 653 498 rectum
671 434 848 520 pietasque
866 435 1046 522 pudorque

113 541 344 613 constiterant,
363 550 396 602 et
411 539 500 603 victa
517 540 621 604 dabat
635 540 706 627 jam
724 552 820 628 terga
838 539 988 626 Cupido.

158 647 233 711 Ibat
249 649 293 712 ad
311 645 470 733 antiquas
489 645 639 711 Hecates
657 645 838 712 Perseidos
855 668 945 722 aras,

111 777 197 841 quas
215 774 335 819 nemus
352 755 551 819 umbrosum
568 767 769 841 secretaque
786 755 871 819 silva
888 757 1040 842 tegebat.
1132 788 1163 845 75

111 875 145 926 et
156 862 228 949 jam
245 862 339 927 sortis
356 874 440 936 erat,
460 862 646 947 pulsusque
664 873 851 926 recesserat
867 863 989 938 ardor;

111 990 188 1033 cum
207 970 299 1034 videt
315 968 528 1042 Aesoniden,
547 970 783 1054 exstinctaque
800 968 939 1032 flamma
956 969 1094 1037 revixit.

110 1077 276 1141 erubuere
295 1097 418 1163 genae,
438 1086 575 1162 totoque
591 1075 770 1139 recanduit
785 1096 856 1150 ore,

110 1194 212 1268 utque
230 1183 315 1247 solet
330 1183 440 1246 ventis
459 1182 621 1246 alimenta
638 1202 826 1255 assumere,
845 1203 1003 1270 quaeque

111 1310 216 1373 parva
234 1291 297 1353 sub
314 1290 452 1354 inducta
469 1290 565 1354 latuit
582 1288 728 1354 scintilla
746 1289 876 1363 favilla,
920 1296 922 1300 ”
1130 1311 1163 1365 30

110 1415 277 1471 crescere,
296 1408 329 1460 et
344 1397 380 1459 in
396 1408 528 1461 veteres
545 1397 674 1484 agitata
691 1417 872 1483 resurgere
889 1396 991 1470 vires,

109 1501 159 1566 sic
171 1503 243 1589 jam
261 1503 371 1567 lentus
389 1524 497 1578 amor,
512 1503 584 1592 jam
603 1525 704 1590 quem
723 1504 889 1591 languere
907 1516 1059 1589 putares,

109 1621 145 1673 ut
162 1610 244 1674 vidit
255 1611 431 1697 juvenem,
450 1612 565 1696 specie
582 1613 770 1697 praesentis
787 1612 917 1677 inarsit.

154 1716 198 1780 Et
214 1738 296 1781 casu
313 1719 412 1783 solito
429 1719 607 1784 formosior
624 1718 763 1784 Aesone
780 1733 880 1784 natus

108 1823 167 1887 illa
185 1824 261 1888 luce
279 1824 360 1889 fuit:
386 1848 504 1911 posses
520 1827 700 1913 ignoscere
719 1829 858 1891 amanti.

108 1943 250 2015 spectat,
270 1943 302 1996 et
319 1933 352 1995 in
370 1936 463 1998 vultu
480 1935 583 1998 veluti
600 1946 671 1997 tum
690 1935 837 2021 denique
854 1934 929 2000 viso

31 2049 34 2052 ⁴
109 2037 238 2102 lumina
255 2039 323 2102 fixa
340 2052 443 2114 tenet,
463 2062 526 2104 nec
543 2062 579 2105 se
598 2043 753 2106 mortalia
770 2043 913 2107 demens

108 2165 168 2208 ora
183 2146 300 2209 videre
317 2159 424 2231 putat,
442 2169 507 2211 nec
523 2170 561 2212 se
577 2149 726 2213 declinat
743 2151 786 2213 ab
803 2149 873 2213 illo.

107 2263 143 2314 ut
160 2273 240 2316 vero
256 2253 435 2339 coepitque
452 2255 558 2341 loqui,
576 2256 799 2342 dextramque
817 2256 998 2341 prehendit

109 2347 246 2442 hospes,
265 2371 297 2424 et
314 2361 480 2424 auxilium
499 2364 681 2427 summissa
699 2385 783 2428 voce
800 2366 947 2452 rogavit,
1127 2400 1162 2456 90

107 2465 327 2552 promisitque
344 2480 467 2540 torum,
488 2469 637 2533 lacrimis
655 2470 700 2534 ait
718 2471 774 2534 illa
793 2472 961 2557 profusis:

110 2568 227 2653 ‘Quid
246 2572 368 2636 faciam
385 2574 506 2648 video;
533 2598 597 2639 nec
614 2599 668 2640 me
685 2578 880 2664 ignorantia
896 2579 967 2644 veri

108 2673 265 2757 decipiet,
284 2676 344 2739 sed
362 2696 469 2739 amor.
521 2677 713 2744 Servabere
731 2702 871 2745 munere
890 2696 1025 2747 nostro:

107 2794 260 2845 servatus
277 2782 443 2866 promissa
461 2784 564 2847 dato!
612 2784 679 2850 Per
695 2808 794 2851 sacra
812 2788 971 2853 triformis

107 2888 164 2952 ille
181 2888 279 2962 deae,
299 2890 442 2976 lucoque
459 2891 545 2955 soret
561 2895 652 2979 quod
671 2917 797 2958 numen
815 2895 848 2959 in
868 2896 940 2968 illo,
1125 2929 1160 2983 95

108 3017 234 3081 perque
252 3008 381 3080 patrem
399 2999 508 3061 soceri
527 3014 722 3065 cernentem
742 3017 865 3067 cuncta
882 3001 996 3078 futuri,

107 3116 316 3188 eventusque
333 3125 413 3167 suos
430 3117 462 3168 et
479 3118 571 3170 tanta
590 3109 743 3192 pericula
755 3109 859 3197 jurat.

90 3196 255 3274 'creditus
272 3210 404 3294 accepit
420 3224 574 3278 cantatas
592 3216 744 3299 protinus
763 3217 899 3291 herbas,

108 3315 312 3402 edidicitque
328 3340 441 3389 usum,
462 3321 637 3408 laetusque
655 3323 688 3386 in
707 3336 798 3387 tesca
817 3323 967 3388 recessit.

153 3422 293 3487 Postera
311 3425 489 3510 depulerat
504 3430 621 3493 stellas
638 3450 760 3494 aurora
778 3431 963 3495 micantes=
1109 3463 1160 3502 που

107 3530 314 3594 conveniunt
331 3535 447 3618 populi
465 3556 600 3598 sacrum
619 3535 784 3600 Mavortis
801 3537 835 3600 in
853 3558 987 3611 arvum,

94 3637 357 3727 consistuntque
365 3641 478 3732 jugis.
531 3641 653 3710 Medio
670 3666 733 3708 rex
748 3643 824 3729 ipse
839 3644 968 3707 resedit

64 3741 227 3818 ‘25⁷⁰’le
245 3770 458 3836 purpureus
475 3767 697 3844 sceptroque
713 3750 871 3840 insignis
887 3749 1037 3811 eburno.

37 3852 130 3902 ecce
147 3849 390 3929 adamanteis
411 3865 622 3933 volcanum
642 3863 803 3931 naribus
820 3854 952 3923 efflant
