2444 4134
60 115 121 164 102
234 134 237 139 ·
363 96 433 163 Tae
457 95 560 185 Song
579 99 627 184 os
644 95 815 186 Orpheus.
963 111 1102 185 [Maras.

56 296 163 362 tristia
180 295 207 362 ri
224 293 372 381 spatium
388 294 539 381 ponendi
554 295 624 360 sata
641 294 825 360 dedissent.
935 286 937 292 ’

56 425 124 490 qua
142 402 231 478 licet,
251 414 409 467 aeternus
425 413 541 466 tamen
558 423 616 476 es3
641 401 864 488 quotiensque
884 400 1022 487 repellit

56 532 116 574 ver
132 509 294 583 hiemem,
314 507 473 594 Piscique
491 507 592 574 Aries
609 507 761 573 succedit
778 528 921 593 aquos0,
1062 523 1105 594 1⁶5

56 629 91 680 tu
108 617 229 681 totiens
246 614 365 685 oreris,
385 615 551 701 viridique
570 615 604 678 in
622 615 749 699 cespite
765 613 880 679 flores.

56 737 88 786 te
106 744 202 786 meus
220 732 297 786 ante
314 743 433 785 omnes
451 721 584 808 genitor
602 721 733 795 dilexit,
752 733 785 785 et
800 720 883 786 orbe

57 830 90 891 in
109 829 221 893 medio
238 828 337 913 positi
355 839 537 892 caruerunt
554 827 712 912 praeside
730 826 871 913 Delphi,

56 936 137 1000 dum
156 935 240 999 deus
258 934 408 998 Eurotan
428 934 710 1020 immunitamque
728 934 919 1019 frequentat

56 1041 225 1127 Sparten:
244 1062 308 1106 nec
326 1040 489 1116 citharae,
505 1062 571 1106 nec
583 1052 661 1105 sunt
677 1040 712 1104 in
730 1041 859 1105 honore
876 1041 1037 1130 sagittae.
1062 1072 1108 1125 ¹70

56 1150 224 1214 inmemor
241 1149 313 1234 ipse
331 1149 383 1213 sui
400 1170 468 1213 non
485 1148 569 1212 retia
587 1148 674 1212 ferre
691 1160 837 1225 recusat,

56 1280 125 1322 non
142 1258 290 1321 tenuisse
307 1277 424 1330 canes,
444 1277 512 1320 non
530 1277 591 1341 per
604 1255 690 1343 juga
708 1256 830 1336 montis
847 1255 953 1343 iniqui

56 1364 124 1429 isse
141 1386 277 1436 comes;
304 1364 478 1450 longaque
495 1362 554 1427 alit
571 1362 790 1427 assuetudine
806 1362 978 1429 flammas.

103 1472 267 1559 ‘Jamque
286 1471 356 1535 fere
375 1471 505 1535 medius
522 1470 626 1535 Titan
642 1471 810 1536 venientis
827 1482 859 1536 et
875 1484 973 1537 actae

55 1583 164 1644 noctis
182 1590 265 1652 erat,
286 1579 463 1664 spatioque
481 1578 555 1663 pari
572 1578 718 1642 distabat
734 1579 924 1665 utrimque:

56 1708 198 1772 corpora
215 1700 308 1749 veste
326 1687 453 1758 levant,
474 1697 507 1749 et
523 1706 605 1750 suco
622 1686 760 1772 pinguis
778 1686 858 1750 olivi

56 1794 311 1878 splendescunt,
331 1793 456 1878 latique
473 1793 591 1857 ineunt
608 1792 794 1856 certamina
813 1793 909 1858 disci.

103 1899 240 1984 ·Qrem
259 1900 352 1983 prius
370 1899 479 1962 aerias
497 1899 654 1963 libratum
673 1898 834 1965 Phoebus
850 1900 886 1965 in
903 1921 1006 1966 auras

56 2007 159 2083 misit,
178 2020 210 2071 et
226 2007 401 2090 oppositas
418 2006 550 2092 disjecit
567 2007 718 2090 pondere
736 2009 854 2072 nubes.

55 2115 175 2179 recidit
190 2114 225 2177 in
243 2114 386 2177 solidam
405 2114 509 2199 longo
526 2124 602 2197 post
618 2127 770 2198 tempore
787 2127 912 2179 terram

56 2223 202 2306 pondus,
222 2233 254 2284 et
271 2220 425 2284 exhibuit
437 2219 590 2307 junctam
608 2241 686 2284 cum
705 2221 832 2287 viribus
850 2235 968 2287 artem.

56 2330 208 2414 protinus
226 2328 425 2412 imprudens
443 2341 606 2414 actusque
625 2329 784 2414 cupidine
802 2329 872 2395 ludi

55 2437 173 2501 tollere
190 2436 406 2500 Taenarides
422 2436 538 2499 orbem
558 2438 783 2520 properabat3
810 2450 843 2501 at
859 2438 956 2502 illum

56 2544 141 2608 dura
158 2563 395 2627 repercussum
414 2543 556 2630 subjecit
571 2543 607 2607 in
625 2548 705 2608 aera
722 2546 821 2610 tellus

56 2650 90 2714 in
108 2651 233 2725 vultus,
254 2649 463 2735 Hyacinthe,
482 2661 569 2714 tuos.
620 2650 796 2736 Expalluit
813 2673 922 2739 aeque

56 2779 158 2843 quam
176 2778 261 2841 puer
277 2757 350 2841 ipse
367 2757 471 2831 deus3
498 2758 736 2843 collapsusque
754 2760 880 2844 excipit
897 2769 1001 2835 artus,

57 2874 89 2928 et
106 2864 207 2928 modo
223 2875 255 2927 te
273 2863 414 2938 refovet,
435 2865 535 2928 modo
552 2864 657 2928 tristia
676 2867 816 2930 vulnera
833 2867 951 2940 siccat,

57 2992 148 3034 nunc
166 2971 316 3033 animam
333 2971 478 3033 admotis
495 2971 684 3057 fugientem
701 2973 844 3037 sustinet
860 2973 987 3038 herbis.

104 3077 187 3140 ‘Nil
204 3088 345 3162 prosunt
361 3090 471 3140 artes:
497 3088 570 3142 erat
585 3077 836 3144 immedicabile
853 3082 991 3146 vulnus.

57 3197 93 3248 ut
109 3185 136 3248 si
154 3185 230 3270 quis
246 3185 355 3248 violas
372 3185 515 3270 riguove
532 3207 685 3269 papaver
700 3187 735 3249 in
753 3187 862 3262 hort0,

56 3292 195 3376 liliaque
211 3290 375 3377 infringat
391 3290 492 3354 fulvis
510 3290 684 3355 haerentia
701 3292 820 3379 virgis,

57 3399 210 3462 marcida
227 3398 403 3462 demittant
419 3398 529 3462 subito
546 3410 648 3482 caput
663 3398 723 3462 illa
739 3412 932 3487 gravatum,

57 3528 122 3571 nec
138 3528 174 3570 se
192 3505 391 3579 sustineant,
412 3518 631 3591 spectentque
648 3507 828 3572 cacumine
844 3519 990 3574 terram:

56 3613 106 3678 sic
121 3614 234 3677 vultus
252 3612 400 3676 moriens
412 3611 517 3699 jacet,
536 3624 569 3676 et
586 3611 718 3676 defecta
735 3614 853 3700 vigore

56 3720 131 3806 ipsa
149 3719 211 3784 sibi
229 3730 280 3784 est
296 3719 390 3782 oneri
408 3719 525 3782 cervix
542 3721 752 3805 humeroque
769 3724 947 3788 recumbit.

99 3826 307 3905 “‘Laberis,
330 3825 512 3904 Oebalide‚
531 3826 646 3916 prima
660 3826 819 3892 fraudate
833 3827 989 3916 iuuenta,
