2444 4148
76 122 139 194 172
451 107 600 174 Skorter
621 108 756 176 Poems.
978 124 1118 196 [Tmsrtn

74 306 112 371 Si
131 305 210 369 licet
227 305 394 390 exemplis
411 305 445 368 in
464 327 570 390 parvo
586 306 777 394 grandibus
793 304 854 380 uti,
1097 335 1126 390 ²5

122 413 220 477 Haec
238 411 344 475 facies
361 412 501 499 Trojae‚
521 433 599 476 curn
617 424 809 497 caperetur,
829 422 913 475 erat.

69 519 216 607 Jamque
234 519 456 606 quiescebant
472 541 575 583 voces
593 519 839 604 hominumque
856 539 1065 604 canumque,

119 626 288 713 Lunaque
307 638 491 689 nocturnos
509 626 578 688 alta
596 625 739 711 regebat
754 646 873 710 equos.

76 732 178 798 Hanc
195 757 261 821 ego
278 731 468 816 suspiciens
485 741 518 794 et
535 733 578 794 ab
596 732 662 795 hac
679 730 850 815 Capitolia
867 752 1029 805 cernens,

121 838 221 923 Quae
238 852 352 905 nostro
368 839 492 902 frustra
506 837 624 924 juncta
642 837 737 901 suere
753 837 829 911 lari,
1095 868 1127 920 30

76 947 253 1012 ‘Numina
270 946 392 1012 vicinis
410 945 597 1010 habitantia
615 944 779 1020 sedibus,’
797 944 953 1030 inquam,

121 1055 288 1140 ‘Jamque
305 1054 414 1119 oculis
431 1073 619 1139 numquam
637 1052 765 1136 templa
783 1051 932 1115 videnda
950 1050 1049 1126 meis,

74 1160 187 1247 Dique
204 1161 432 1248 relinquendi,
450 1181 535 1247 quos
552 1160 633 1223 urbs
650 1171 741 1222 tenet
757 1158 825 1221 alta
844 1155 998 1241 Quirini,

118 1268 200 1333 Este
217 1271 350 1334 salutati
367 1283 501 1353 tempus
519 1269 553 1332 in
571 1287 673 1331 omne
690 1263 795 1329 mihil

73 1373 118 1439 Et
134 1396 341 1461 quamquam
360 1397 435 1440 sero
452 1375 601 1460 clipeum
619 1384 696 1459 post
713 1373 855 1438 vulnera
872 1395 986 1449 sumo,
1094 1402 1125 1459 35

117 1481 279 1546 Attamen
297 1485 388 1546 hanc
403 1483 490 1547 odiis
508 1494 693 1547 exonerate
711 1483 844 1568 sugam,

72 1586 289 1675 Caelestique
306 1588 391 1662 viro,
410 1589 486 1675 quis
505 1610 558 1653 me
576 1588 750 1673 deceperit
767 1609 875 1663 error,

117 1695 250 1760 Dicite:
277 1717 337 1780 pro
355 1697 456 1780 culpa
473 1717 516 1760 ne
533 1696 647 1760 scelus
665 1717 741 1760 esse
759 1707 863 1781 putet.

71 1800 119 1868 Ut
135 1803 225 1887 quod
242 1825 302 1866 vos
319 1802 424 1877 scitiS,
443 1824 575 1887 poenae
592 1823 729 1889 quoque
747 1802 870 1868 sentiat
885 1814 1020 1879 auctor,

116 1907 256 1973 Placato
273 1931 411 1994 possum
430 1931 497 1972 non
517 1910 619 1973 miser
637 1930 711 1974 esse
729 1909 819 1973 deo.’
1092 1942 1125 1992 40

72 2013 151 2079 Hac
167 2037 268 2099 prece
285 2015 424 2079 adoravi
442 2037 584 2099 superos
602 2037 688 2102 eg03
716 2016 870 2100 pluribus
887 2038 991 2108 uxor,¹

116 2121 277 2208 Singultu
296 2122 426 2186 medios
444 2122 650 2206 impediente
668 2144 783 2187 sonos.

70 2226 133 2291 Illa
152 2229 266 2302 etiam,
286 2241 363 2292 ante
381 2228 489 2292 Lares
507 2230 617 2313 passis
635 2241 802 2313 prostrata
820 2229 971 2315 capillis,

117 2334 269 2422 Contigit
286 2335 470 2399 exstinctos
486 2357 544 2399 ore
561 2347 726 2399 tremente
743 2335 851 2412 focos,

69 2440 248 2527 Multaque
265 2442 299 2504 in
318 2442 479 2506 adversos
496 2441 615 2506 effudit
631 2443 737 2507 verba
753 2441 902 2506 Penates
1090 2471 1123 2527 45

114 2546 181 2611 Pro
199 2549 374 2632 deplorato
391 2570 459 2613 non
477 2550 622 2613 valitura
638 2550 723 2614 viro.

63 2652 210 2741 Jamque
228 2678 342 2719 morae
360 2656 504 2739 spatium
524 2678 593 2720 nox
611 2658 834 2742 praecipitata
851 2658 1018 2744 negabat,

112 2760 291 2847 Versaque
309 2764 352 2825 ab
370 2784 434 2826 axe
452 2785 513 2826 suo
532 2762 711 2828 Parrhasis
730 2777 840 2828 arctos
858 2775 942 2828 erat.

69 2866 162 2952 Quid
180 2867 351 2933 facerem?
376 2871 501 2934 blando
519 2871 649 2954 patriae
668 2873 837 2935 retinebar
854 2891 994 2946 amore3

113 2974 241 3039 Ultima
259 2977 318 3040 sed
332 2975 448 3062 jussae
466 3000 535 3042 nox
552 2991 624 3041 erat
642 2979 699 3042 illa
718 2979 834 3066 fugae.
1091 3008 1122 3064 50

66 3079 124 3145 Ah
139 3079 146 3144 l
172 3083 326 3168 quotiens
344 3084 457 3171 aliquo
475 3086 545 3150 dixi
565 3099 770 3171 properante
788 3099 796 3125 ⁶
814 3082 910 3168 Quid
926 3083 1080 3172 urgues?

111 3187 176 3252 Vel
194 3211 261 3274 quo
278 3190 415 3255 festines
434 3193 496 3267 ire,
516 3194 570 3258 vel
588 3195 693 3266 unde,
713 3193 790 3257 vide
804 3191 834 3255 l'

65 3293 145 3357 Ahl
171 3297 325 3381 quotiens
344 3312 472 3363 certam
492 3323 545 3364 me
564 3323 639 3364 sum
658 3300 817 3364 mentitus
833 3299 963 3363 habere

113 3401 257 3477 Horam,
276 3408 470 3490 propositae
488 3429 577 3493 quae
596 3407 680 3470 foret
696 3419 775 3491 apta
792 3405 880 3470 viae.

66 3507 136 3572 Ter
153 3509 256 3574 limen
273 3513 383 3600 tetigi,
402 3525 543 3578 tersum
562 3526 752 3587 revocatus,
771 3513 893 3598 etipse

112 3615 302 3706 Indulgens
321 3620 435 3682 animo
453 3641 513 3703 pes
531 3618 614 3682 mihi
631 3620 747 3683 tardus
764 3631 856 3698 erat3

60 3719 178 3808 Saepe
206 3725 292 3790 Vale
308 3725 398 3790 dicto
416 3747 532 3789 rursus
550 3746 625 3789 sum
643 3725 747 3789 multa
766 3726 912 3804 locutus„

85 3829 136 3895 Et
151 3834 257 3920 quasi
273 3835 467 3903 discedens
485 3834 611 3903 oscula
627 3851 770 3899 summa
783 3831 888 3904 dedu,
