2444 4134
90 119 154 194 174
464 104 614 172 Skorter
636 104 771 172 Poems.
994 118 1127 191 [Tarsam

86 301 202 389 thue
219 302 416 378 resurrexit,
434 303 579 368 foedatis
596 303 738 388 pulvere
755 301 845 388 turpi

132 408 306 482 Crinibus,
326 421 358 473 et
374 409 491 496 gelida
508 411 662 472 membra
680 409 805 473 levavit
822 410 943 483 humb,

87 514 134 579 Se
153 515 265 588 mod0‚
285 516 437 579 desertos
456 516 555 579 modo
573 517 806 600 complorasse
824 513 991 593 Penates,
1102 547 1131 604 95

131 620 269 684 Nomen
287 634 319 685 et
335 622 440 704 erepti
458 642 561 704 saepe
579 642 721 685 vocasse
740 621 823 694 viri;

86 726 163 791 Nec
180 728 353 813 gemuisse
372 728 495 801 minus,
515 728 664 812 quamsi
684 740 829 792 nataeve
847 750 1009 796 meumve

131 832 282 897 Vidisset
298 846 442 897 structos
459 854 584 918 corpus
603 835 730 898 habere
750 856 867 922 rogos,

85 938 130 1004 Et
145 941 292 1004 voluisse
311 939 408 1014 mori,
429 940 605 1004 moriendo
622 961 749 1024 ponere
768 964 890 1008 sensus
905 980 952 992 -

131 1046 373 1131 Respectuque
391 1058 506 1110 tamen
524 1068 592 1110 non
609 1047 760 1112 voluisse
780 1050 858 1113 mei.
1092 1083 1134 1121 100

84 1152 209 1218 VivatI
236 1166 268 1216 et
285 1154 459 1217 absentem
474 1190 519 1201 -
531 1153 694 1238 quoniam
713 1155 762 1219 sic
780 1156 849 1220 fata
865 1158 1018 1222 tulerunt
1030 1193 1075 1206 -

130 1260 234 1325 Vivat
249 1271 286 1324 ut
301 1259 430 1325 auxilio
447 1260 603 1325 sublevet
618 1281 728 1348 usque
745 1283 823 1328 suo.

220 1602 252 1648 2.
286 1583 358 1650 Tae
380 1583 516 1650 Exz'le’s
541 1582 624 1650 Sick
654 1584 826 1651 Chamber
852 1585 918 1674 (iii.
938 1593 995 1672 3).

170 1798 268 1864 AEC
286 1821 376 1874 mea,
395 1799 421 1864 si
440 1821 523 1864 casu
541 1799 688 1874 miraris,
707 1800 851 1884 epistola
867 1819 975 1884 quare

214 1905 366 1970 Alterius
383 1906 498 1993 digitis
516 1906 643 1990 scripta
660 1907 714 1979 sit,
734 1927 840 1992 aeger
857 1927 965 1970 eram.

84 2012 203 2100 Aeger
220 2014 254 2076 in
272 2014 433 2077 extremis
450 2013 559 2100 ignoti
578 2015 731 2098 partibus
748 2014 855 2087 orbis,

130 2120 352 2206 Incertasque
370 2141 467 2185 meae
486 2141 597 2205 paene
615 2121 735 2185 salutis
752 2141 859 2184 eram.

86 2225 181 2312 Quid
199 2228 282 2291 milii
299 2248 392 2290 nunc
409 2228 513 2290 animi
532 2228 606 2290 dira
624 2227 766 2314 regione
779 2225 908 2315 jacenti

131 2334 223 2398 Inter
239 2333 463 2399 Sauromatas
480 2355 555 2398 esse
575 2333 750 2419 Getasque
769 2332 889 2418 putes?

84 2439 163 2504 Nec
179 2442 312 2505 caelum
331 2441 454 2525 patior,
473 2461 537 2504 nec
555 2441 653 2526 aquis
671 2441 892 2518 adsuevimus
910 2439 995 2516 istis,

129 2547 308 2634 Terraque
324 2547 524 2633 nescioquo
542 2568 611 2610 non
629 2549 742 2632 placet
757 2548 833 2632 ipsa
852 2547 965 2611 modo.

84 2652 165 2718 Non
183 2656 305 2718 domus
323 2665 402 2738 apta
419 2654 513 2730 satis,
534 2675 603 2719 non
620 2655 677 2719 hic
694 2655 790 2719 cibus
807 2654 899 2718 utilis
915 2674 1046 2740 aegr03

130 2760 270 2837 NulluS,
288 2761 474 2847 Apollinea
491 2764 548 2849 qui
566 2762 657 2826 levet
673 2775 744 2826 arte
761 2763 914 2837 malum3
1113 2793 1144 2830 ιο

86 2865 165 2933 Non
183 2869 241 2956 qui
258 2872 396 2945 soletur,
416 2892 484 2934 non
502 2869 560 2957 qui
577 2869 728 2934 labentia
746 2870 841 2934 tarde

130 2976 305 3063 Tempora
322 2979 493 3042 narrando
510 2978 618 3052 fallat,
638 2978 770 3041 amicus
788 2978 896 3041 adest.

67 3073 70 3077 ’
86 3081 217 3148 Lassus
234 3086 268 3148 in
286 3086 445 3149 extremis
459 3085 559 3171 jaceo
576 3085 779 3171 populisque
797 3083 963 3169 locisque,

131 3191 175 3254 Et
191 3192 280 3255 subit
298 3193 429 3255 adfecto
447 3212 538 3256 nunc
556 3191 652 3265 mihi,
671 3191 833 3277 quicquid
852 3192 960 3255 abest.

86 3297 212 3362 Omnia
231 3320 307 3362 cum
326 3299 482 3372 subeant,
501 3298 610 3362 vincis
626 3310 740 3362 tamen
759 3298 888 3373 omnia,
909 3297 1074 3386 conjunx,
1108 3329 1117 3368 1
1124 3327 1138 3383 ς

131 3405 174 3468 Et
192 3407 267 3489 plus
283 3405 318 3468 in
335 3418 449 3468 nostro
466 3416 603 3488 pectore
620 3416 716 3489 parte
733 3417 841 3470 tenes.

85 3507 138 3574 Te
155 3511 274 3595 loquor
291 3510 479 3580 absentem,
498 3519 530 3571 te
546 3529 615 3571 vox
633 3530 708 3572 mea
725 3511 879 3574 nominat
895 3531 1024 3585 unam,

120 3615 230 3679 Nulla
251 3616 344 3680 venit
356 3614 433 3681 sine
451 3624 483 3680 te
501 3635 572 3680 nox
588 3615 687 3690 mibi,
704 3617 803 3679 nnita
818 3618 905 3680 dies.

54 3717 280 3802 Quinetiam
298 3726 352 3793 sic
370 3747 429 3794 me
448 3725 576 3794 dicunt
592 3724 716 3791 aliena
730 3721 908 3791 insutum,

78 3822 242 3898 Utsoret
257 3837 405 3906 amenti
422 3859 571 3906 nomen
588 3836 630 3902 in
649 3854 716 3899 ore
733 3841 854 3894 tuum.
