2444 4134
105 124 179 234 158*
485 148 636 215 §horter
657 148 791 216 Pocms.
1030 164 1117 237 [Fam

105 344 174 412 Vix
190 343 349 432 equidem
366 343 490 409 credo:
516 354 594 409 sunt
609 343 668 430 qui
686 342 903 409 Phaethonta
920 344 1039 409 referri

148 452 313 526 Credant,
333 462 366 515 et
383 450 507 515 nimias
524 450 748 516 Deucalionis
766 471 886 536 aquas.

104 558 188 625 Pars
204 580 352 646 quoque,
372 578 450 622 cum
468 558 561 621 saxis
579 570 732 643 pastores
749 578 834 622 saxa
851 557 1011 634 seribant,
1099 588 1136 644 795

148 665 340 732 Scintillam
359 665 470 729 subito
486 665 684 747 prosiluisse
701 663 833 728 serunt:

102 771 218 837 Prima
235 771 373 856 quidem
392 771 502 855 periit,
521 771 651 855 stipulis
668 782 813 855 excepta
830 772 986 836 secunda
1002 782 1063 836 est.

148 877 225 943 Hoc
243 889 484 964 argumentum
501 876 641 940 flamma
659 876 782 942 Parilis
800 876 924 942 habet?

102 982 159 1049 Au
177 984 288 1071 magis
305 984 397 1047 hunc
415 1004 544 1048 morem
562 984 671 1068 pietas
688 982 822 1047 Aeneia
840 985 931 1059 lecit,

147 1089 337 1155 Innocuum
354 1090 443 1154 victo
461 1089 515 1154 cui
532 1091 625 1154 dedit
641 1090 732 1177 ignis
749 1089 833 1155 iter?
1105 1111 1149 1164 800

101 1196 196 1262 Num
213 1209 328 1262 tamen
345 1207 395 1262 est
412 1218 493 1262 vero
510 1197 661 1282 propius,
682 1217 759 1260 cum
777 1198 915 1263 condita
931 1199 1049 1264 Roma
1065 1210 1123 1275 est,

146 1303 341 1367 Transferri
356 1303 468 1390 jussos
485 1303 519 1366 in
536 1323 626 1366 nova
642 1314 730 1366 tecta
748 1302 870 1379 Lares,

101 1408 344 1495 Mutantesque
361 1410 501 1474 domum
518 1409 613 1473 tectis
630 1410 822 1496 agrestibus
839 1412 971 1498 ignem,

147 1515 191 1580 Et
208 1527 402 1581 cessaturae
420 1517 640 1602 supposuisse
658 1538 772 1593 casae,

101 1622 168 1688 Per
184 1622 341 1687 flammas
359 1624 502 1688 saluisse
519 1645 637 1708 pecus,
656 1626 800 1690 saluisse
818 1625 982 1693 colonos?
1108 1648 1155 1718 805

148 1728 251 1812 Quod
268 1730 305 1794 fit
321 1731 426 1794 natali
443 1752 535 1794 nunc
551 1753 700 1817 quoque,
715 1732 848 1807 Roma,
867 1746 937 1799 tuo.

101 1836 180 1923 Ipse
198 1837 292 1901 locus
309 1858 432 1902 causas
448 1837 516 1901 vati
534 1838 624 1903 lacit.
676 1838 779 1904 Urbis
795 1840 893 1928 origo

145 1943 269 2009 Venit:
295 1945 378 2010 ades
394 1945 503 2022 sactis,
524 1967 650 2034 magne
668 1945 827 2032 Quirine,
846 1947 934 2015 tuisl

349 2289 381 2336 2.
415 2269 449 2337 T
443 2271 486 2336 be
507 2269 703 2360 Founding
722 2273 770 2358 os
783 2271 905 2340 Rome.

97 2485 222 2632 JAM
238 2487 348 2552 luerat
364 2507 494 2573 poenas
511 2486 615 2551 frater
630 2485 834 2563 Numitoris,
853 2500 886 2554 et
902 2511 1005 2556 omne

192 2594 372 2659 Pastorum
390 2595 529 2682 gemino
545 2595 609 2658 sub
626 2596 713 2660 duce
731 2597 854 2683 volgus
870 2608 955 2662 erat.
1106 2617 1157 2671 810

100 2700 313 2767 Contralrere
330 2716 484 2789 agrestes
501 2712 534 2766 et
551 2703 686 2766 moenia
703 2725 830 2787 ponere
847 2705 981 2790 utrique

144 2808 334 2874 Convenit:
360 2809 557 2894 ambigitur,
578 2810 712 2873 moenia
731 2822 836 2894 ponat
851 2822 936 2874 uter.

100 2915 177 2979 ‘Nil
195 2938 280 3001 opus
297 2915 366 2979 est’
382 2916 468 2979 dixit
484 2915 709 2980 ‘certamine'
734 2915 905 2981 Romulus
920 2917 1031 2984 ‘ullot

144 3022 277 3109 Magna
294 3023 379 3086 fides
398 3022 511 3085 avium
530 3034 599 3095 est3
626 3024 844 3106 experiamur
861 3024 968 3088 aves.'

96 3125 170 3194 Res
188 3130 320 3214 placet:
346 3129 431 3192 alter
448 3129 517 3192 adit
533 3130 703 3193 nemorosi
719 3151 805 3193 saxa
822 3128 954 3204 Palati3
1101 3151 1151 3221 8¹5

142 3234 240 3301 Alter
256 3233 465 3300 Aventinum
483 3257 585 3299 mane
601 3257 767 3300 cacumen
785 3237 854 3300 init.

97 3344 169 3410 Sex
186 3343 331 3419 Remus,
351 3343 408 3407 hic
423 3343 579 3407 volucres
595 3342 647 3407 bis
664 3364 725 3407 sex
740 3343 833 3407 videt
849 3344 988 3419 ordinet
1014 3357 1116 3430 pacto

141 3451 269 3526 Statur,
289 3461 322 3514 et
338 3449 513 3515 arbitrium
531 3448 701 3514 Romulus
718 3450 811 3515 urbis
828 3451 940 3515 habet.

95 3557 188 3644 Apta
205 3559 277 3623 dies
294 3557 430 3644 legitur,
449 3577 516 3642 qua
534 3555 668 3621 moenia
686 3557 799 3644 signet
815 3570 937 3622 aratro.

121 3665 234 3732 Sacra
251 3667 350 3736 Palis
366 3669 557 3744 suberant3
586 3665 669 3733 inde
685 3678 843 3730 mouetur
860 3686 971 3748 opust
1107 3685 1163 3731 tm

45 3765 166 3838 Fossa
182 3777 227 3842 rit
240 3779 292 3844 ad
307 3782 469 3850 solidum
486 3805 496 3860 3
524 3782 657 3871 fruges
673 3775 857 3868 jaciuntur
871 3766 1018 3834 inimus

70 3875 125 3942 Et
139 3882 189 3947 de
209 3889 336 3962 vicino
354 3906 457 3964 terra
475 3894 603 3985 petita
620 3889 721 3960 solo·
