2444 4134
113 115 158 195 56
383 111 454 176 Tae
488 112 704 196 Wundere'ng
723 116 768 194 of
790 114 905 176 Ceres.
1020 130 1166 202 [Mami.

159 306 324 381 Dixerat3
351 318 385 371 at
401 306 665 372 Cerericertum
684 319 735 371 est
751 308 899 372 educere
915 320 1031 371 natam
1046 331 1055 370 z

114 437 181 479 non
200 415 245 477 ita
263 414 331 477 sata
349 413 477 487 sinunt,
495 414 659 499 quoniam
672 413 803 500 jejunia
819 414 918 499 virgo

114 523 275 594 solverat,
294 532 326 584 et
344 520 442 584 cultis
460 521 542 583 dum
560 520 708 604 simplex
726 531 816 583 errat
833 520 867 583 in
886 520 1004 594 hortis,
1118 551 1167 608 535

114 630 317 714 poeniceum
334 647 439 691 curva
457 627 675 712 decerpserat
693 628 813 691 arbore
830 647 985 711 pomum,

114 748 317 823 sumptaque
334 733 474 820 pallenti
493 746 624 818 septem
642 733 685 797 de
703 732 828 797 cortice
845 753 955 819 grana

114 855 284 929 presserat
300 864 358 908 ore
375 863 450 906 suo.
500 838 672 927 Solusque
688 861 732 903 ex
748 839 907 903 omnibus
924 838 1009 904 illud

112 950 332 1035 Ascalaphus
348 949 443 1028 vidit,
459 969 561 1034 quem
578 947 751 1033 quondam
768 945 891 1010 dicitur
907 944 1066 1030 Orphne,

113 1057 200 1121 inter
216 1055 408 1121 Avernales
425 1056 517 1120 haud
534 1052 749 1140 ignotissima
766 1053 952 1138 nymphas,
1116 1083 1166 1140 54⁰

114 1186 157 1228 ex
175 1163 372 1228 Acheronte
388 1185 450 1227 suo
467 1163 561 1226 silvis
579 1159 754 1246 peperisse
771 1160 835 1223 sub
853 1160 954 1224 atris:

114 1271 208 1345 vidit,
228 1282 261 1334 et
276 1270 401 1335 indicio
418 1271 563 1334 reditum
581 1267 729 1332 crudelis
747 1267 885 1331 ademit.

113 1377 280 1464 ingemuit
297 1378 416 1464 regina
434 1377 551 1451 Erebi,
569 1389 757 1459 testemque
775 1373 954 1457 profanam

112 1470 192 1548 fecit
208 1505 319 1559 avem,
339 1505 563 1570 sparsumque
581 1495 683 1569 caput
701 1479 988 1566 Phlegethontide
1006 1481 1152 1567 lympha

113 1591 147 1654 in
166 1601 308 1654 rostrum
327 1602 359 1655 et
375 1591 510 1675 plumas
527 1602 560 1655 et
576 1589 722 1677 grandia
739 1586 869 1651 lumina
885 1586 996 1650 vertit.
1115 1617 1165 1675 545

112 1695 169 1759 ille
187 1695 250 1760 sibi
268 1696 400 1759 ablatus
418 1695 518 1759 fulvis
537 1694 693 1759 amicitur
710 1694 753 1756 ab
770 1692 846 1763 alis,

112 1802 215 1886 inque
233 1813 333 1885 caput
351 1802 484 1875 crescit,
503 1802 694 1888 longosque
713 1799 894 1863 reflectitur
911 1818 1064 1884 ungues»,

103 1908 238 1992 ¹vixque
258 1921 369 1972 movet
386 1920 483 1973 natas
501 1930 562 1993 per
579 1908 699 1972 inertia
718 1907 879 1971 bracchia
897 1929 1051 1990 pennas:

112 2015 280 2100 foedaque
297 2014 334 2078 fit
352 2014 512 2088 volucris,
531 2015 662 2078 venturi
682 2015 799 2077 nuntia
816 2014 940 2088 luctus,

112 2120 259 2208 iguavus
277 2122 380 2194 bubo,
400 2122 511 2186 dirum
529 2123 727 2186 mortalibus
745 2144 859 2186 omen.
1116 2155 1167 2211 550

160 2228 227 2293 Hic
243 2242 357 2293 tamen
374 2229 499 2293 indicio
516 2250 664 2313 poenam
682 2229 867 2315 linguaque
884 2228 993 2294 videri

112 2336 355 2400 commeruisse
373 2348 493 2421 potest.
544 2335 666 2407 Vobis,
686 2335 910 2416 Acheloides,
928 2341 1020 2407 unde

112 2442 228 2528 pluma
245 2444 417 2528 pedesque
436 2443 563 2516 avium,
583 2464 660 2506 cum
680 2443 822 2532 virginis
840 2467 900 2510 ora
919 2445 1068 2532 geratis?
1168 2453 1169 2456 ’

113 2571 155 2612 an
173 2550 265 2634 quia,
285 2570 364 2612 cum
381 2549 511 2634 legeret
528 2570 650 2613 vernos
669 2549 873 2635 Proserpina
890 2551 1005 2627 flores

112 2657 146 2719 in
164 2657 324 2720 comitum
343 2677 497 2729 numeru,
517 2657 637 2720 doctae
655 2656 809 2731 Sirenes,
829 2659 953 2725 erutis?

111 2784 214 2848 quam
233 2774 410 2848 postquam
428 2775 495 2827 toto
512 2762 634 2827 frustra
652 2767 832 2850 quaesistis
850 2768 882 2830 in
900 2768 996 2841 orbe,

112 2869 265 2954 protinus
281 2881 317 2933 ut
333 2882 480 2934 vestram
499 2870 663 2936 sentirent
681 2895 831 2959 aequora
849 2895 981 2947 curam,

112 2997 217 3066 posse⁴
229 2997 331 3061 super
346 2975 468 3042 fluctus
486 2978 617 3041 alarum
635 2979 788 3045 insistere
805 2981 908 3044 remis

112 3083 263 3168 optastis,
283 3084 468 3170 facilesque
486 3087 569 3153 deos
586 3090 761 3161 habuistis,
780 3095 921 3156 et'artus

111 3190 242 3255 vidistis
258 3202 388 3255 vestros
404 3193 522 3259 subitis
538 3195 726 3262 flavescere
743 3198 876 3283 pennis.
1114 3213 1166 3284 5⁶0

112 3318 156 3361 ne
172 3309 286 3362 tamen
303 3299 360 3364 ille
377 3324 483 3369 canor
502 3306 702 3370 mulcendas
719 3316 818 3368 natus
836 3305 880 3368 ad
897 3325 997 3369 aures

112 3416 272 3492 tantaque
289 3409 351 3472 dos
368 3412 436 3475 oris
453 3413 593 3498 linguae
611 3412 814 3496 deperderet
829 3433 943 3485 usum,

112 3513 257 3599 virginei
274 3518 388 3582 vultus
406 3531 438 3582 et
454 3540 521 3582 vox
539 3519 689 3582 humana
706 3518 881 3582 remansit.

151 3620 205 3684 At
216 3625 352 3689 medius
368 3625 549 3712 fratrisque
565 3625 617 3690 sui
637 3637 856 3711 maestaeque
872 3623 999 3688 sororis

67 3723 245 3808 luppiter
257 3754 307 3796 ex
321 3754 438 3822 aequo
458 3736 664 3803 volventem
681 3733 811 3801 dividit
827 3752 975 3795 annum.

48 3841 153 3890 ⁸³⁵⁶
167 3833 251 3910 0¹8³,
272 3861 483 3928 regnorum
503 3869 652 3914 numen
671 3861 876 3914 commuue
893 3836 1066 3900 duorum,
