2444 4134
70 157 112 212 11.
131 155 230 230 6,12.]
404 137 520 227 Elegy
544 159 586 202 on
611 159 633 202 a
656 135 802 202 Parrot.
1058 127 1120 215 167

68 336 213 423 Tityrus
229 347 262 402 et
278 336 396 424 fruges
411 334 615 421 Aeneiaque
632 355 727 398 arma
744 333 915 420 legentur,
1088 358 1122 414 ²5

114 441 230 506 Roma
247 442 444 527 triumphati
462 443 542 506 dum
560 453 663 526 caput
678 441 769 505 orbis
787 440 860 504 erit.

68 548 193 613 Donec
209 561 308 613 erunt
324 549 423 635 ignes
439 570 606 634 arcusque
623 546 805 630 Cupidinis
821 566 932 622 arma,

114 655 302 719 Discentur
318 655 464 730 numeri,
483 656 571 719 culte
587 654 740 725 Tibulle,
758 653 816 717 tui.

68 761 194 827 Gallus
212 773 245 826 et
263 761 440 847 Hesperiis
456 774 490 826 et
507 761 629 826 Gallus
646 772 745 825 notus
762 759 857 835 Eois,

113 867 159 933 Et
176 889 239 933 sua
257 888 334 932 cum
352 868 455 933 Gallo
471 879 551 932 nota
568 866 714 953 Lycoris
731 866 804 930 erit.

68 976 166 1063 Ergo
184 996 263 1040 cum
280 975 406 1050 silices,
426 995 505 1039 cum
523 975 607 1039 dens
625 974 782 1059 patientis
800 971 902 1037 aratri

115 1082 316 1167 Depereant
333 1103 430 1156 aevo,
449 1082 602 1147 carmina
620 1093 726 1144 morte
744 1090 872 1144 carent.

69 1187 209 1255 Cedant
225 1189 433 1253 carminibus
450 1209 551 1275 reges
567 1208 758 1274 regumque
775 1185 952 1272 triumphi,

115 1294 229 1361 Cedat
245 1308 278 1360 et
293 1295 431 1359 auriseri
448 1295 522 1380 ripa
539 1295 690 1380 benigna
707 1293 812 1380 Tagi.

38 1422 40 1426 ·
68 1402 164 1468 Vilia
181 1403 323 1466 miretur
339 1403 485 1490 vulgus:
511 1401 595 1465 mihi
610 1400 720 1464 flavus
736 1399 863 1485 Apollo

115 1509 249 1574 Pocula
266 1507 417 1574 Castalia
434 1510 537 1593 plena
555 1508 720 1572 ministret
736 1528 838 1592 aqua,

69 1617 339 1703 Sustineamque
356 1636 454 1680 coma
473 1626 678 1678 metuentem
696 1614 823 1700 frigora
840 1625 1011 1700 myrtum:

115 1724 233 1810 Atque
249 1723 295 1787 ita
312 1723 455 1787 sollicito
473 1723 598 1786 multus
616 1734 751 1785 amante
769 1722 878 1807 legar.

69 1831 230 1896 Pascitur
247 1831 281 1893 in
298 1829 384 1894 vivis
401 1829 527 1902 Livor3
553 1829 711 1914 postlata
728 1828 883 1913 quiescit,

36 1967 40 1971 ·
117 1937 207 2004 Cum
226 1959 308 2002 suus
325 1960 369 2000 ex
386 1937 505 2000 merito
520 1958 692 2022 quemque
710 1948 820 1998 tuetur
837 1936 957 1999 honos.

69 2045 169 2133 Ergo
187 2046 287 2108 etiam
305 2066 382 2109 cum
400 2065 455 2108 me
472 2065 653 2128 supremus
670 2042 822 2105 adederit
838 2041 941 2127 ignia

118 2151 260 2226 Vivam,
279 2172 425 2238 parsque
441 2151 509 2216 mei
525 2151 632 2214 multa
649 2160 821 2235 superstes
837 2149 911 2212 erit.

301 2491 334 2538 2.
360 2472 474 2562 Elegy
498 2495 540 2538 on
564 2496 587 2538 a
610 2473 745 2540 Parrot
770 2472 823 2562 (ii.
842 2468 898 2558 6).

146 2688 402 2763 SITTACUS‚
421 2689 492 2754 eois
509 2689 671 2755 imitatrix
688 2691 760 2754 ales
778 2689 821 2753 ab
837 2688 944 2764 Indis,

192 2795 348 2861 Occidit!
373 2797 556 2883 exsequias
574 2797 618 2860 ite
636 2797 841 2882 frequenter,
862 2817 954 2860 aves.

73 2902 139 2978 Ite,
160 2903 236 2987 piae
254 2904 423 2975 volucres,
442 2916 475 2967 et
491 2904 644 2990 plangite
662 2919 799 2988 pectora
817 2903 943 2987 pinnis,

122 3010 167 3074 Et
182 3009 295 3097 rigido
311 3024 445 3074 teneras
462 3032 578 3097 ungue
596 3022 708 3075 notate
726 3031 845 3098 genas.

76 3116 229 3181 Horrida
247 3137 308 3200 pro
325 3117 463 3181 maestis
481 3117 625 3180 lanietur
643 3118 758 3201 pluma
776 3116 922 3202 capillis
1113 3143 1128 3200 ς

122 3223 190 3288 Pro
208 3223 313 3309 longa
330 3235 489 3287 resonent
505 3223 658 3287 carmina
674 3235 786 3287 vestra
803 3224 896 3287 tuba.

77 3328 184 3418 Qud
202 3331 314 3394 scelus
332 3327 465 3393 Ismarii
482 3330 645 3414 quereris,
665 3328 869 3403 Philomela,
887 3326 1037 3416 tyranni,

123 3435 272 3519 Expleta
289 3447 339 3500 est
355 3435 454 3499 annis
471 3435 534 3500 ista
549 3436 702 3520 querella
720 3435 800 3500 suis.

76 3541 181 3607 Alitis
199 3542 232 3605 in
250 3563 347 3605 rarae
365 3541 526 3606 miserum
545 3542 719 3606 devertere
737 3542 860 3605 sunus:

122 3647 256 3730 Magna
272 3647 337 3709 sed
351 3647 482 3731 antiqui
499 3668 605 3713 causa
623 3648 753 3719 doloris
770 3649 861 3743 llys.
1109 3675 1144 3715 to

63 3750 204 3815 Omnes,
224 3766 316 3828 quae
330 3749 464 3832 liquido
480 3755 621 3825 libratis
640 3758 677 3828 in
698 3768 786 3833 aere
805 3783 952 3836 cursus,

93 3842 146 3902 Tu
162 3853 276 3908 tamen
294 3863 379 3916 ante
394 3858 499 3938 alios,
523 3875 648 3938 turtur
664 3878 813 3960 amice,
831 3878 937 3947 dole·
