2444 4134
88 134 132 203 82
388 134 460 200 The
488 134 705 222 Calydonzon
729 134 845 201 Hunt.
999 151 1138 224 [Menan.

89 355 157 399 non
176 337 273 408 foret,
291 331 327 398 in
343 342 441 421 tergo
456 332 531 398 visa
547 343 599 399 est
616 334 763 398 haesura
780 334 884 418 petito
895 369 941 383 -

88 439 227 527 longius
244 440 288 504 it:
314 453 432 504 auctor
449 439 505 503 teli
523 439 724 526 Pagasaeus
742 439 857 504 l'ason.

91 546 279 620 ‘Phoebe‚'
296 547 341 610 ait
357 546 570 633 Ampycides
590 548 640 612 ‘si
657 560 688 612 te
706 548 863 632 coluique
881 547 1043 634 coloque,
1095 581 1142 635 35⁰

89 655 133 718 da
152 653 235 716 mibi
252 655 342 739 quod
360 654 482 738 petitur
498 666 590 718 certo
607 654 806 740 contingere
823 654 891 718 telo
904 652 933 717 l’

88 780 156 846 qua
176 760 292 843 potuit,
310 760 468 844 precibus
484 760 570 824 deus
587 760 718 823 annuit.
768 759 860 824 lctus
878 761 920 824 ab
938 760 998 827 illo
1016 773 1079 838 est,

89 866 150 930 sed
167 865 240 929 sine
259 866 412 939 vulnere,
432 887 535 949 aper:
560 865 686 929 ferrum
706 865 820 930 Diana
837 866 966 931 volanti

89 973 275 1037 abstulerat
287 971 424 1060 jaculo;
450 972 583 1058 lignum
601 972 674 1036 sine
692 973 852 1039 acumine
868 975 974 1038 venit.

135 1079 189 1142 lra
207 1078 268 1142 feri
288 1091 378 1143 mota
395 1090 457 1152 est,
476 1100 540 1143 nec
557 1079 700 1143 fulmine
718 1081 828 1145 lenius
846 1081 946 1146 arsit:
1093 1112 1140 1169 355

89 1186 213 1252 emicat
229 1207 272 1249 ex
289 1185 410 1261 oculis,
429 1185 535 1270 spirat
550 1192 687 1272 quoque
705 1199 842 1271 pectore
859 1187 1013 1253 flamma.

88 1307 191 1380 utque
209 1292 301 1357 volat
318 1293 424 1356 moles
442 1293 589 1356 adducto
606 1295 740 1358 concita
758 1316 877 1369 nervo,

88 1423 167 1466 curn
184 1399 267 1486 petit
283 1412 340 1463 aut
357 1422 484 1474 muros,
504 1413 562 1464 aut
579 1402 699 1486 plenas
716 1401 822 1466 milite
838 1415 961 1476 turres,

88 1509 123 1572 in
136 1507 280 1595 juvenes
298 1520 390 1571 certo
406 1507 456 1572 sic
467 1504 598 1593 ‘impete
614 1510 796 1574 vulnificus
814 1531 872 1573 sus

89 1615 204 1691 fertur,
224 1628 257 1678 et
273 1613 489 1699 Eupalamon
507 1615 767 1703 Pelagonaque‚
787 1617 906 1681 dextra
924 1628 1059 1682 tuentes
1091 1633 1141 1702 360

88 1743 229 1796 cornua,
250 1723 441 1806 prosternit.
490 1722 584 1789 Socii
601 1737 746 1808 rapuere
760 1724 935 1811 jacentes3

88 1842 122 1894 at
139 1851 206 1893 non
224 1830 372 1894 letiferos
389 1829 509 1916 effugit
527 1831 732 1912 Enaesimus
749 1831 835 1895 ictus

89 1935 329 2021 Hippocobnte
347 1949 460 2001 satus:
486 1938 711 2022 trepidantem
729 1950 762 2001 et
777 1949 875 2024 terga
892 1948 1072 2023 parantem

86 2059 216 2108 vertere
234 2044 367 2108 succiso
384 2045 554 2130 liquerunt
572 2045 698 2130 poplite
716 2045 824 2108 nervi.

87 2152 227 2219 forsitan
245 2165 277 2217 et
294 2151 413 2239 Pylius
431 2153 513 2216 citra
529 2152 681 2240 Trojana
700 2153 843 2238 perisset
1089 2171 1138 2239 365

87 2273 262 2345 tempora:
287 2261 347 2324 sed
364 2271 499 2343 sumpto
517 2260 624 2344 posita
643 2260 824 2324 conamine
843 2260 886 2323 ab
903 2260 1003 2324 hasta

86 2367 217 2432 arboris
234 2367 374 2440 insiluit,
393 2388 481 2453 quae
499 2368 608 2431 stabat
626 2366 794 2451 proxima,
815 2366 932 2441 ramiS,

85 2474 323 2560 despexitque,
342 2475 416 2538 loco
433 2485 536 2547 tutus,
555 2495 655 2560 quem
675 2474 810 2559 fugerat
827 2474 971 2537 hostem.

131 2581 300 2647 Dentibus
317 2582 374 2645 ille
391 2582 487 2645 ferox
504 2582 538 2645 in
555 2603 685 2667 querno
702 2580 814 2664 stipite
830 2581 914 2645 tritis

85 2690 239 2755 imminet
255 2690 372 2764 exitio,
391 2689 568 2773 fidensque
585 2688 778 2752 recentibus
797 2687 900 2751 armis
1087 2718 1139 2775 370

85 2796 276 2882 Ornytidae
293 2797 411 2883 magni
429 2808 536 2860 rostro
554 2794 664 2858 femur
682 2794 793 2858 hausit
810 2795 957 2859 adunco.

85 2918 119 2969 at
136 2905 278 2991 gemini,
297 2906 450 2969 nondum
468 2903 629 2968 caelestia
646 2902 770 2976 sidera,
790 2901 923 2977 fratreS,

85 3013 187 3076 ambo
204 3013 392 3098 conspicui,
412 3011 490 3076 nive
507 3009 761 3074 candidioribus
779 3009 880 3073 ambo

84 3120 306 3183 vectabantur
323 3119 431 3205 equis,
452 3119 554 3183 ambo
572 3117 702 3181 vibrata
721 3137 782 3200 per
799 3136 899 3179 auras

84 3227 259 3290 hastarum
276 3226 421 3290 tremulo
439 3225 637 3311 quatiebant
655 3223 787 3308 spicula
804 3235 909 3286 motu.
1086 3252 1135 3308 375

83 3335 226 3399 vulnera
243 3333 415 3407 fecissent,
434 3333 498 3396 nisi
517 3333 666 3419 saetiger
682 3332 770 3394 inter
786 3350 914 3414 opacas

83 3461 148 3504 nec
161 3440 285 3527 jaculis
301 3439 381 3503 isset
397 3459 462 3502 nec
478 3461 566 3524 equo
583 3439 659 3502 loca
677 3439 806 3522 pervia,
826 3437 942 3501 silvas.

128 3547 347 3633 Persequitur
362 3546 547 3617 Telamon,
567 3545 746 3630 studioque
766 3549 924 3607 incautus
941 3542 1045 3606 eundi

83 3676 210 3740 pronus
229 3655 270 3718 ab
289 3654 432 3717 arborea
449 3651 572 3716 cecidit
588 3651 704 3715 radice
721 3663 880 3714 retentus.

82 3761 163 3825 dum
181 3761 272 3824 levat
287 3761 380 3823 hunc
396 3757 533 3832 PeleuS,
553 3758 699 3822 celerem
718 3757 884 3843 Tegeaea
902 3757 1063 3844 sagittam
1085 3775 1138 3842 380

36 3861 37 3865 ’
55 3864 229 3946 mpoam‘t
241 3889 364 3946 nervo,
384 3867 597 3958 sinuatoque
615 3865 752 3954 expulit
769 3883 868 3929 arcu.
