2444 4134
92 157 251 229 V1.213.]
302 140 373 206 She
396 141 508 205 boasts
530 141 671 226 herself
683 141 791 205 above
813 139 966 206 Latona.
1104 141 1145 207 61

91 335 125 399 in
142 358 399 423 quamcumque
416 337 537 402 domus
554 336 684 402 adverti
701 336 831 401 lumina
847 349 994 422 partem,
1099 355 1145 408 180

91 441 284 507 immensae
300 454 497 529 spectantur
512 465 608 527 opes.
658 443 804 508 Accedit
820 443 941 507 eodem

91 548 198 635 digna
216 550 282 614 dea
299 550 415 614 facies.
466 549 544 614 Huc
561 561 658 614 natas
675 549 774 613 adice
791 561 922 632 septem

91 665 125 719 et
139 655 280 719 totidem
295 655 453 744 juvenes,
472 666 505 720 et
521 677 601 720 mox
618 676 834 742 generosque
852 677 1038 743 nurusque.

91 761 244 848 quaerite
261 783 367 837 nunc,
386 763 511 826 habeat
526 783 629 849 quam
647 772 762 826 nostra
779 763 938 845 superbia
956 763 1119 829 causam!

91 868 209 933 nescio
226 889 363 955 quoque
380 871 505 934 audete
521 881 630 934 satam
647 866 811 933 Titanida
828 866 924 934 Coeo
1097 890 1144 956 ¹85

91 973 264 1039 Latonam
283 976 455 1059 praeferre
472 975 566 1049 mihi,
583 973 639 1038 cui
656 974 807 1038 maxima
824 975 997 1062 quondam

91 1081 258 1168 exiguam
270 1082 393 1146 'sedem
411 1081 581 1166 pariturae
597 1091 687 1145 terra
706 1082 857 1168 negavit.

92 1209 157 1252 nec
173 1188 285 1261 caelo,
301 1209 367 1252 nec
384 1189 501 1262 humo,
516 1207 581 1250 nec
598 1187 696 1272 aquis
713 1189 777 1252 dea
790 1201 902 1253 vestra
918 1201 1054 1275 recepta
1072 1203 1142 1263 est;

92 1295 191 1358 exsul
208 1306 282 1358 erat
299 1295 430 1369 mundi,
450 1295 560 1359 donec
577 1293 736 1358 miserata
752 1307 950 1382 vagantem,

91 1399 248 1487 Hospita
265 1408 302 1464 tu
318 1402 425 1465 terras
441 1421 555 1474 erras,
573 1421 636 1486 ego
657 1400 778 1488 (dixit)
798 1403 833 1464 in
851 1403 972 1480 undr‘s,·
1097 1435 1144 1488 ¹90

93 1507 357 1593 instabilemque
375 1508 487 1572 locum
506 1506 613 1572 Delos
630 1508 735 1572 dedit.
785 1508 847 1572 Illa
865 1510 1008 1573 duorum

93 1615 184 1677 sacta
202 1635 348 1698 parens:
374 1613 459 1677 uteri
477 1634 557 1698 pars
574 1614 662 1678 haec
678 1625 729 1679 est
744 1615 889 1698 septima
906 1613 1022 1678 nostri.

139 1719 249 1785 ‘Sum
267 1720 371 1784 selix:
388 1721 464 1806 quis
477 1721 567 1784 enim
585 1732 689 1808 neget
705 1720 792 1785 hoc?
809 1721 958 1807 felixque
977 1722 1144 1786 manebo:

93 1829 160 1891 hoc
175 1849 313 1913 quoque
329 1828 405 1914 quis
423 1825 573 1892 dubitet?
598 1839 703 1891 tutam
721 1849 775 1891 me
793 1827 890 1912 copia
908 1827 999 1891 fecit.

93 1933 204 2020 major
220 1955 310 2006 sum,
328 1955 431 2019 quam
449 1933 503 1998 cui
521 1934 627 2018 possit
643 1933 795 1998 Fortuna
812 1954 956 1998 nocere:
1098 1965 1144 2021 ¹95

93 2040 269 2125 multaque
286 2050 322 2103 ut
338 2039 470 2123 eripiat,
489 2040 595 2104 multo
612 2039 695 2103 mihi
713 2041 811 2124 plura
829 2040 1007 2126 relinquet.

93 2167 275 2210 excessere
293 2159 420 2209 metum
438 2166 515 2210 mea
528 2145 599 2234 jam
618 2145 719 2210 bona.
767 2145 903 2232 Fingite
920 2147 1010 2210 demi

93 2253 175 2317 huic
192 2252 321 2339 aliquid
337 2253 464 2337 populo
481 2265 637 2316 natorum
655 2274 755 2337 posse
773 2274 947 2317 meorum:

93 2383 163 2424 non
180 2373 295 2423 tamen
314 2360 553 2424 adnumerum
572 2360 711 2447 redigar
727 2359 872 2444 spoliata
889 2360 1047 2436 duorum,

92 2467 251 2532 Latonae
267 2467 423 2531 turbam:
450 2486 540 2552 quae
556 2478 722 2552 quantum
739 2466 840 2530 distat
856 2467 899 2529 ab
915 2465 1021 2531 orba?
1094 2498 1144 2537 200

92 2575 151 2649 ite,
170 2574 320 2661 satisque
337 2594 507 2658 superque
524 2572 627 2646 sacri,
645 2572 849 2658 laurumque
867 2571 999 2656 capillis

94 2681 234 2768 ponite!
281 2681 480 2766 Deponunt,
498 2678 692 2764 infectaque
709 2699 808 2742 sacra
824 2679 1030 2765 relinquunt,

93 2790 254 2876 quodque
271 2788 362 2862 licet,
380 2787 482 2852 tacito
498 2798 705 2849 venerantur
722 2805 896 2848 murmure
913 2806 1052 2847 numen.

140 2895 325 2981 Indignata
341 2895 406 2959 dea
423 2904 495 2967 est;
520 2911 722 2976 summoque
739 2889 774 2953 in
790 2891 916 2954 vertice
933 2889 1063 2976 Cynthi

92 3003 219 3068 talibus
236 3013 286 3065 est
302 3000 400 3065 dictis
417 2999 557 3087 gemina
574 3019 653 3062 cum
672 2997 765 3081 prole
782 2997 916 3061 locuta:
1094 3028 1144 3082 205

95 3108 173 3174 ‘En
190 3129 258 3195 ego
274 3118 386 3172 vestra
404 3127 542 3191 parens,
560 3105 658 3169 vobis
674 3104 829 3168 animosa
847 3103 983 3178 creatis,

94 3226 141 3290 et,
160 3214 225 3279 nisi
238 3214 380 3300 Junoni‚
398 3212 483 3276 nulli
501 3233 640 3276 cessura
658 3212 814 3285 dearum,

95 3344 140 3386 an
158 3323 224 3387 dea
241 3320 318 3396 sim,
336 3319 492 3395 dubitor;
517 3340 645 3404 perque
662 3317 778 3384 omnia
795 3317 934 3382 saecula
951 3316 1050 3380 cultis

95 3449 228 3504 arceor,
247 3425 280 3492 Ο
295 3426 379 3502 nati,
398 3425 463 3491 nisi
479 3446 540 3490 vos
557 3424 766 3501 succurritis,
786 3424 865 3489 aris.

94 3556 161 3601 nec
177 3534 274 3599 dolor
291 3532 347 3598 hic
363 3533 477 3598 solus:
501 3530 575 3595 diro
592 3531 747 3597 convicia
764 3532 854 3596 facto
1097 3560 1146 3596 210

94 3639 254 3706 Tantalis
268 3638 402 3722 adjecit,
424 3658 553 3722 rosque
569 3648 623 3704 est
636 3648 849 3728 postponere
864 3637 958 3707 natis

76 3760 162 3799 ³⁹⁵2
177 3739 260 3809 suis,
280 3749 315 3799 et
328 3760 397 3811 me,
417 3744 515 3826 quod
530 3744 566 3810 in
585 3745 705 3836 ipsam
725 3752 884 3834 recidat,
903 3753 1032 3823 ornan

57 3834 154 3904 arisit,
175 3846 211 3895 et
224 3838 384 3903 exhibuit
398 3844 570 3933 linguam
590 3863 783 3936 scelerata
802 3865 1031 3962 paternam?
