2444 4134
88 164 152 234 132
399 148 471 215 The
501 147 657 236 Talaos
676 150 837 216 Galatea·
993 164 1123 238 [Maria.

87 359 267 413 senserunt
283 349 408 413 undae.
458 347 615 415 Latitans
631 371 699 437 ego
715 371 813 434 rupe,
832 346 970 438 meique

87 454 207 520 Acidis
224 455 257 517 in
275 455 408 541 gremio
424 456 590 530 residens,
609 456 729 541 procul
747 456 885 520 auribus
904 456 1005 523 hausi

86 563 166 626 talia
184 562 273 626 dicta
291 562 388 635 meis,
408 563 589 648 auditaque
607 575 720 626 mente
737 562 873 626 notavi:

132 679 140 708 ‘
157 666 347 733 Candidior
363 667 443 732 solio
460 669 564 743 nivei,
584 667 742 743 Galatea,
762 668 909 755 ligustri,

57 814 63 825 ·
86 773 236 839 floridior
254 775 369 858 pratis,
389 775 493 861 longa
512 776 685 860 procerior
701 775 793 850 aln0‚

86 881 296 965 splendidior
313 881 410 954 vitro,
429 894 545 946 tenero
563 881 722 946 lascivior
738 882 863 959 haed0‚

85 987 192 1052 levior
209 988 351 1052 adsiduo
368 988 496 1052 detritis
515 1009 661 1073 aequore
678 989 831 1065 conchis,

85 1094 213 1159 solibus
231 1094 395 1168 hibernis,
414 1095 543 1159 aestiva
561 1094 689 1181 gratior
706 1097 840 1172 umbra,

84 1201 229 1266 nobilior
239 1201 362 1288 pomis,
374 1202 513 1287 platano
530 1201 744 1287 conspectior
759 1204 839 1280 alta,

84 1308 228 1372 lucidior
244 1309 370 1395 glacie,
390 1321 522 1371 matura
540 1308 671 1372 dulcior
688 1330 768 1385 uva,

85 1416 217 1479 mollior
233 1427 266 1479 et
282 1415 387 1501 cygni
404 1415 529 1499 plumis
545 1426 579 1479 et
595 1416 683 1479 lacte
700 1429 831 1494 coacto,

83 1535 127 1599 et,
146 1522 174 1586 si
192 1543 260 1585 non
278 1521 403 1607 fugias
423 1521 521 1607 riguo
538 1522 716 1587 formosior
733 1525 829 1589 horto
841 1547 850 1587 ι
862 1559 908 1574 -

83 1629 216 1695 saevior
232 1627 405 1692 indomitis
422 1628 544 1691 eadem
561 1627 707 1693 Galatea
719 1630 890 1718 juvencis,

83 1736 198 1801 durior
214 1757 345 1799 annosa
362 1757 503 1822 quercu,
523 1737 676 1801 lallacior
691 1737 806 1814 undis,

82 1844 203 1907 lentior
219 1856 252 1907 et
268 1843 382 1907 salicis
399 1844 506 1930 virgis
523 1855 557 1907 et
573 1844 696 1908 vitibus
713 1845 812 1921 albis,

82 1951 135 2015 his
152 1950 357 2014 immobilior
375 1952 536 2035 scopuliS,
555 1952 735 2016 violentior
751 1972 866 2027 amne,

82 2058 220 2121 laudato
237 2078 370 2141 pavone
388 2058 577 2142 superbior,
598 2059 707 2122 acrior
723 2058 808 2146 igni,

82 2165 234 2251 asperior
250 2164 394 2237 tribulis,
414 2165 502 2229 soeta
520 2165 738 2229 truculentior
754 2187 847 2241 ursa,

81 2273 215 2338 surdior
232 2273 448 2360 aequoribus,
468 2273 599 2336 calcato
617 2272 778 2336 immitior
794 2274 918 2360 hydro,

81 2393 113 2445 et
133 2383 240 2468 (quod
259 2382 443 2467 praecipue
460 2381 583 2444 vellem
601 2381 660 2445 tibi
677 2381 816 2444 demere
833 2381 987 2470 possem)
1081 2399 1134 2470 805

81 2511 148 2553 non
166 2502 295 2553 tantum
314 2511 414 2553 cervo
432 2489 533 2553 claris
550 2489 727 2552 latratibus
745 2499 834 2563 actu,

80 2619 198 2660 verum
216 2597 318 2660 etiarn
335 2597 659 2688 ventisvolucrique
676 2594 833 2682 fugacior
848 2595 952 2659 aura!

126 2717 135 2746 ⁴
152 2705 210 2781 At,
229 2707 317 2771 bene
334 2707 361 2771 si
378 2706 483 2781 noris,
503 2705 619 2791 pigeat
636 2703 786 2791 fugisse3
813 2724 994 2789 morasque

80 2812 154 2898 ipsa
171 2825 247 2877 tuas
264 2814 420 2886 damnes,
439 2825 472 2876 et
489 2835 542 2876 me
560 2811 704 2874 retinere
721 2812 869 2875 labores.

81 2936 158 2987 sunt
176 2921 271 2994 mihi,
291 2943 369 3007 pars
388 2922 522 2995 montis,
541 2920 618 2984 vivo
636 2920 819 3005 pendentia
836 2941 921 2984 saxo
1079 2939 1133 2991 810

80 3040 188 3103 antra,
208 3029 331 3114 quibus
348 3050 412 3092 nec
428 3030 478 3093 sol
497 3027 608 3092 medio
626 3027 767 3092 sentitur
784 3028 819 3091 in
837 3040 945 3102 aestu,

80 3157 145 3199 nec
160 3135 301 3201 sentitur
318 3135 472 3219 hiemps3
498 3145 576 3198 sunt
592 3155 693 3218 poma
711 3133 892 3221 gravantia
908 3154 1044 3207 ramos;

79 3255 157 3307 sunt
173 3264 256 3306 auro
273 3243 401 3306 similes
418 3241 530 3328 longis
548 3241 582 3304 in
600 3240 721 3305 vitibus
739 3261 847 3315 uvae;

79 3362 156 3416 sunt
173 3361 205 3414 et
221 3370 433 3434 purpureae:
458 3348 516 3412 tibi
534 3358 567 3411 et
582 3348 645 3411 has
662 3368 852 3423 servamus,
871 3359 904 3414 et
918 3348 1008 3413 illas.

78 3453 153 3538 ipsa
169 3453 234 3516 tuis
252 3452 408 3515 manibus
425 3450 568 3515 silvestri
586 3462 664 3513 nata
682 3451 744 3514 sub
761 3450 883 3514 umbra
1077 3468 1129 3536 εις

79 3558 193 3623 mollia
212 3558 309 3645 fraga
327 3558 434 3644 leges,
450 3557 525 3640 ipsa
544 3557 753 3620 autumnalia
771 3575 888 3632 corna,

77 3687 268 3752 prunaque,
288 3687 356 3728 non
373 3663 484 3729 solum
500 3663 600 3749 nigro
618 3663 755 3726 liventia
774 3683 869 3738 sucu,

77 3793 195 3836 verum
214 3771 314 3834 etiam
330 3791 501 3859 generosa
519 3791 694 3856 novasque
713 3769 878 3834 imitantia
896 3791 1006 3834 ceras.

51 3897 125 3941 nec
138 3877 205 3942 tibi
218 3892 409 3947 castaneae
428 3902 485 3947 me
504 3879 674 3970 conjuge,
692 3875 838 3942 necubi
853 3875 1002 3938 deerunt
