2444 4134
68 117 104 173 X.
121 115 197 190 162]
355 98 427 166 Tae
448 99 554 188 Rape
577 101 625 185 of
643 99 853 186 Ganymede.
1061 116 1122 164 101

66 318 131 363 nec
147 297 242 362 tiliae
261 297 396 374 molles,
414 319 480 362 nec
497 298 598 385 tagus
615 308 648 362 et
664 296 794 360 innuba
811 296 943 371 laurus,

66 426 132 469 nec
149 404 258 491 coryli
275 404 430 490 fragiles,
449 416 482 468 et
498 405 654 469 fraxinus
669 403 760 467 utilis
778 401 896 477 hastis,

66 512 256 598 enodisque
274 511 384 586 abies,
402 522 611 596 curvataque
628 509 814 598 glandibus
830 509 912 585 ilex,

66 631 99 684 et
116 616 277 704 platanus
296 618 457 706 genialis,
477 639 624 703 acerque
642 616 813 682 coloribus
830 615 954 701 impar,
1090 647 1124 702 93

67 727 331 812 amnicolaeque
349 725 449 790 simul
468 725 591 789 salices
608 735 641 789 et
658 722 816 809 aquatica
834 723 932 797 lotos,

67 847 303 920 perpetuoque
320 834 433 898 virens
450 832 594 905 buxum,
614 842 803 915 tenuesque
821 830 986 915 myricae,

67 952 100 1007 et
116 941 249 1006 bicolor
266 952 410 1027 myrtus,
428 951 461 1004 et
476 937 572 1003 bacis
590 937 729 1002 caerula
747 936 849 1000 tinus.

66 1071 129 1113 vos
146 1070 296 1135 quoque,
314 1046 502 1131 flexipedes
520 1045 682 1119 hederae,
701 1042 853 1118 venistis,
873 1053 906 1107 et
921 1062 991 1107 una

67 1156 276 1240 pampineae
293 1155 378 1218 vites
394 1166 427 1218 et
445 1153 589 1217 amictae
606 1151 730 1215 vitibus
748 1150 853 1223 ulmi3
1075 1181 1124 1219 100

67 1263 212 1348 ornique
230 1274 263 1326 et
279 1262 407 1346 piceae,
416 1280 586 1347 pomoque
602 1269 744 1324 onerata
763 1257 896 1321 rubenti

68 1371 222 1446 arbutus,
240 1380 273 1432 et
289 1370 401 1432 lentae
423 1367 578 1455 (victoris
596 1364 768 1452 praemia)
789 1366 939 1450 palmae,

67 1488 102 1541 et
118 1476 293 1540 succincta
311 1496 427 1540 comas
444 1475 643 1561 hirsutaque
658 1473 785 1537 vertice
801 1472 915 1558 pinus,

65 1594 168 1671 grata
185 1584 288 1647 deum
306 1581 425 1645 matri:
451 1580 619 1666 siquidem
637 1578 825 1666 Cybeleius
843 1578 933 1643 Attis

65 1690 163 1755 exuit
180 1690 246 1753 hac
263 1689 450 1763 hominem,
469 1701 657 1773 truncoque
674 1686 824 1750 induruit
840 1686 911 1751 illo.
1076 1716 1122 1773 ¹05

113 1795 203 1860 Tale
220 1817 340 1860 nemus
357 1807 451 1860 vates
469 1804 673 1867 attraxerat3
699 1793 803 1880 inque
821 1793 970 1858 ferarum

65 1903 215 1969 concilio
233 1902 365 1967 medius
382 1903 480 1966 turba
496 1902 744 1987 volucrumque
762 1901 916 1966 sedebat.

64 2022 105 2074 ut
124 2009 204 2074 satis
221 2009 386 2093 impulsas
403 2008 580 2093 temptavit
596 2008 720 2093 pollice
738 2009 899 2081 chordas,
1074 2039 1121 2095 ¹45

64 2128 101 2181 et
119 2116 224 2181 sensit
239 2117 363 2190 varios,
382 2115 540 2202 quamvis
558 2115 693 2180 diversa
711 2126 883 2190 sonarent,
920 2174 923 2179 .

64 2224 278 2288 concordare
296 2224 426 2297 modos,
447 2223 513 2287 hoc
529 2243 650 2286 vocem
668 2223 820 2287 carmine
839 2222 963 2288 movit:

116 2328 195 2394 ‘Ab
208 2328 306 2414 Jove,
322 2327 425 2394 Musa
442 2351 567 2414 parens
588 2329 733 2416 (cedunt
745 2328 841 2415 Jovis
858 2330 973 2394 omnia
990 2330 1118 2417 regno)

64 2438 222 2502 carmina
239 2448 353 2501 nostra
371 2459 490 2501 move:
511 2436 608 2523 Jovis
625 2449 676 2502 est
694 2437 775 2501 mihi
794 2459 897 2522 saepe
915 2448 1065 2523 potestas

64 2544 160 2609 dicta
177 2544 283 2629 prius.
332 2543 452 2609 Cecini
469 2544 599 2629 plectro
617 2544 776 2631 graviore
795 2543 979 2631 Gigantas,
1073 2576 1122 2631 150

65 2672 257 2737 sparsaque
274 2650 476 2738 Phlegraeis
493 2651 646 2716 victricia
663 2650 808 2715 fulmina
826 2651 979 2735 campis3

65 2779 161 2822 nunc
177 2780 263 2843 opus
280 2768 330 2822 est
346 2757 472 2822 leviore
490 2758 578 2844 lyra,
598 2779 789 2844 puerosque
806 2779 972 2823 canamus

65 2864 211 2929 dilectos
228 2863 372 2949 superis,
391 2864 670 2950 inconcessisque
689 2866 821 2948 puellas

65 2972 208 3059 ignibus
225 2971 381 3036 attonitas
398 2973 563 3036 meruisse
581 2972 721 3036 libidine
740 2995 899 3058 poenam.

116 3078 221 3142 ‘Rex
238 3064 398 3163 superum
417 3077 561 3166 Phrygii
580 3080 752 3165 quondam
772 3080 988 3166 Ganymedis
1005 3102 1120 3145 amore

67 3185 164 3260 arsit,
183 3195 215 3249 et
230 3185 404 3250 inventum
421 3199 471 3250 est
487 3187 628 3273 aliquid,
648 3187 739 3271 quod
750 3186 909 3272 Juppiter
926 3209 1014 3261 esse,

65 3313 173 3377 quam
191 3291 281 3378 quod
299 3302 382 3367 erat,
403 3294 529 3357 mallet.
579 3290 686 3358 Nulla
703 3305 817 3357 tamen
835 3294 914 3358 alite
931 3295 1014 3357 verti

67 3387 244 3486 dignatur,
261 3399 326 3464 nisi
343 3421 432 3487 quae
450 3413 564 3486 posset
580 3422 641 3465 sua
659 3401 803 3464 fulmina
819 3401 919 3464 serre.

66 3526 134 3570 nec
150 3527 267 3570 mora:
292 3529 456 3593 percusso
475 3507 698 3571 mendacibus
717 3513 795 3571 aere
814 3508 935 3592 pennis

67 3612 193 3699 abripit
209 3611 354 3690 Iliaden,
374 3613 431 3701 qui
449 3635 692 3700 huncquoque
710 3617 833 3699 pocula
852 3615 982 3688 miscet,
1072 3633 1119 3685 160

65 3719 243 3808 invitaque
254 3720 333 3807 Jovi
349 3733 467 3785 nectar
478 3720 614 3806 Junone
633 3721 811 3786 ministrat.

115 3825 1120 3914 ‘Tequoque,Amyclide,posuissetinaetherePhoebus,
