2444 4134
68 145 131 222 ¹lle
151 143 224 214 176.]
304 126 376 192 The
398 126 573 192 Por'soned
594 124 697 192 Sairt
719 128 768 210 os
780 125 948 243 Nessus,
1055 78 1131 214 ¹93

75 322 243 388 flemusi'
259 325 326 389 ait:
353 325 490 410 ‘pellex
507 323 657 388 lacrimis
674 323 855 388 laetabitur
871 323 955 388 istis.

74 451 165 515 quae
190 432 355 516 quoniam
380 431 552 506 adveniet,
569 430 840 515 properandum,
858 430 1055 518 aliquidque
1073 454 1132 497 no·

213 539 366 602 vandum
383 551 447 613 est,
1081 569 1130 625 ¹45

74 644 158 708 dum
176 644 269 719 licet,
288 657 322 709 et
338 646 491 709 nondum
507 646 679 711 thalamos
694 654 787 710 tenet
803 645 910 710 altera
927 655 1072 709 nostros.

75 771 283 838 conquerar,
303 773 345 815 an
363 751 507 816 sileam?
530 764 683 838 repetam
700 750 897 839 Calydona,
917 750 1098 817 morerne?

73 859 246 922 excedam
264 857 382 923 tectis?
406 879 464 935 an,
482 859 511 924 si
527 858 612 923 nihil
630 860 791 944 amplius,
808 857 963 923 obstem?

74 965 204 1050 quidsi
223 987 290 1041 me,
310 965 505 1054 Meleagre,
523 977 616 1030 tuam
635 987 766 1030 memor
781 987 858 1030 esse
874 987 1026 1031 sororem
1080 1010 1082 1014 -

75 1073 162 1136 sorte
179 1094 264 1157 paro
281 1072 428 1149 facinuS,
446 1086 681 1159 quantumque
698 1073 822 1160 injuria
839 1072 945 1158 possit
1082 1105 1092 1143 ι
1098 1103 1132 1159 50

75 1178 316 1265 femineusque
332 1181 442 1256 dolor,
457 1181 616 1267 jugulata
632 1181 756 1266 pellice
772 1178 914 1245 testor?'

121 1286 287 1351 Incursus
304 1288 439 1352 animus
456 1287 568 1353 varios
584 1287 708 1375 habet:
733 1288 893 1352 omnibus
908 1287 975 1353 illis

75 1396 237 1480 praetulit
253 1396 419 1461 imbutam
436 1395 572 1461 Nesseo
588 1397 759 1484 sanguine
776 1406 906 1460 vestem

76 1505 222 1581 mittere,
240 1527 330 1592 quae
346 1505 437 1571 vires
453 1505 586 1570 desecto
603 1504 725 1569 reddat
740 1504 859 1569 amori.

74 1612 267 1700 ignaroque
285 1613 432 1689 Lichae,
449 1613 532 1699 quid
548 1613 660 1678 tradat
675 1613 806 1687 nescia,
825 1613 936 1678 luctus
1082 1640 1130 1698 ¹55

75 1721 151 1806 ipsa
168 1744 250 1787 suos
267 1722 381 1798 tradit,
398 1721 602 1808 blandisque
620 1720 811 1785 miserrima
827 1720 956 1797 verbis,

73 1830 167 1894 dona
185 1830 242 1895 det
253 1830 317 1895 illa
334 1830 419 1905 viro,
437 1831 586 1894 mandat.
634 1828 739 1914 Capit
754 1829 882 1894 inscius
900 1831 1013 1906 heros,

71 1938 294 2025 induiturque
313 1939 463 2003 humeris
479 1937 659 2002 Lernaeae
678 1939 771 2002 virus
787 1937 968 2002 echidnae.

120 2044 217 2109 Tura
233 2046 338 2110 dabat
354 2045 473 2130 primis
489 2056 524 2110 et
540 2045 645 2110 verba
663 2045 838 2130 precantia
855 2044 1015 2122 flammis,

72 2150 224 2239 vinaque
241 2172 452 2217 marmoreas
469 2165 587 2237 patera
604 2152 768 2217 fundebat
785 2152 819 2216 in
836 2173 936 2216 aras:
1080 2176 1130 2239 ¹60

72 2258 217 2323 incaluit
234 2259 286 2323 vis
302 2258 361 2322 illa
380 2259 473 2335 mali,
492 2261 709 2345 resolutaque
727 2259 876 2325 flammis

73 2364 271 2430 Herculeos
288 2366 371 2431 abiit
386 2367 454 2430 late
470 2366 596 2432 diffusa
612 2388 674 2452 per
691 2379 795 2431 artus.

72 2474 157 2538 dum
175 2473 294 2558 potuit,
313 2474 412 2538 solita
429 2474 595 2560 gemitum
611 2473 734 2538 virtute
750 2473 932 2558 repressit3

71 2581 164 2644 victa
182 2581 281 2646 malis
298 2591 479 2666 postquam
495 2591 546 2644 est
561 2580 739 2666 patientia,
758 2581 907 2666 reppulit
923 2602 1014 2655 aras,

71 2687 295 2774 implevitque
312 2688 383 2752 suis
401 2708 618 2752 nemorosum
636 2687 778 2752 vocibus
795 2687 918 2752 Oeten.
1079 2705 1126 2775 ¹⁶5

72 2815 139 2858 nec
156 2816 265 2877 mora,
284 2793 451 2859 letiferam
468 2805 611 2859 conatur
628 2794 784 2858 scindere
802 2807 953 2858 vestem:

70 2921 141 2986 qua
157 2901 314 2975 trahitur,
332 2901 435 2964 trahit
452 2900 509 2964 illa
527 2911 653 2973 cutem,
673 2900 880 2985 foedumque
896 2901 1019 2976 relatu,

70 3017 131 3070 aut
147 3008 265 3071 haeret
282 3007 442 3071 membris
461 3007 584 3071 frustra
600 3017 764 3091 temptata
782 3008 913 3082 revelli,

70 3126 131 3178 aut
148 3114 279 3179 laceros
297 3126 389 3179 artus
406 3126 440 3179 et
456 3114 602 3201 grandia
619 3113 746 3200 detegit
761 3135 852 3178 ossa.

69 3221 147 3305 ipse
163 3241 276 3297 cruor,
296 3220 412 3308 gelido
429 3242 492 3285 ceu
508 3220 683 3306 quondam
701 3220 829 3283 lamina
845 3222 998 3286 candens
1077 3251 1125 3304 170

67 3328 176 3393 tincta
192 3329 283 3403 lacu,
303 3327 426 3402 stridit,
443 3328 667 3413 coquiturque
685 3327 823 3390 ardente
842 3350 986 3391 veneno.

115 3433 195 3499 Nec
211 3436 334 3500 modus
346 3446 418 3500 est:
436 3435 574 3499 sorbent
591 3434 713 3497 avidae
731 3434 931 3518 praecordia
948 3434 1120 3517 flammae,

66 3545 319 3630 caeruleusque
336 3542 410 3607 fluit
426 3554 494 3607 toto
511 3543 554 3607 de
571 3563 713 3626 corpore
730 3542 847 3615 sudor,

67 3650 286 3736 ambustique
303 3661 427 3716 sonant
442 3649 551 3722 nervi,
572 3669 743 3734 caecaque
762 3648 920 3712 medullis

65 3758 148 3821 tabe
165 3755 356 3843 liquefactis
372 3757 516 3821 tendens
533 3756 578 3819 ad
595 3755 708 3819 sidera
726 3755 873 3840 palmas,
1075 3787 1121 3842 175

65 3861 472 3937 ‘clamans’exclamaa
495 3861 701 3943 ‘Saturnia
721 3861 1033 3954 pascerenostrisr
