2444 4134
95 143 130 196 V.
143 141 221 214 464]
427 125 510 191 Her
544 126 666 214 Wcary
691 123 837 191 Scarch.

94 321 278 407 primaque
295 321 338 386 de
355 334 423 387 tota
440 323 641 388 tenuissima
657 343 815 410 quaeque
832 321 1035 406 liquescunt,

94 429 246 493 caerulei
265 428 390 503 crines,
409 430 576 516 digitique
594 441 627 493 et
643 449 742 493 crura
760 429 954 513 pedesque:

94 557 176 599 narn
193 535 309 600 brevis
325 535 360 598 in
378 536 512 621 gelidas
529 537 691 600 membris
710 534 856 598 exilibus
873 535 984 598 undas

94 641 256 706 transitus
275 653 345 715 est;
372 654 447 726 post
463 642 551 705 haec
567 641 699 706 humeri
717 655 902 728 tergusque
917 640 1074 726 latusque

95 761 304 835 pectoraque
322 749 354 812 in
373 761 493 812 tenues
510 749 636 812 abeunt
652 747 800 811 evanida
816 747 919 812 rivos.
1097 776 1149 832 435

95 855 243 941 denique
262 876 323 939 pro
339 854 419 919 vivo
435 855 569 919 vitiatas
585 854 756 940 sanguine
772 873 880 918 venas

95 963 240 1048 lympha
257 962 367 1034 subit;
393 972 564 1048 restatque
582 961 681 1035 nihil,
700 961 791 1046 quod
808 959 976 1046 prendere
992 959 1115 1046 possis.

140 1069 277 1133 Interea
295 1070 441 1153 pavidae
459 1068 666 1155 nequiquam
685 1067 755 1131 filia
772 1067 869 1132 matri

95 1177 254 1240 omnibus
271 1187 322 1240 est
337 1176 447 1251 terris,
466 1176 559 1241 omni
576 1175 730 1262 quaesita
747 1174 928 1260 profundo.

95 1282 189 1346 illam
208 1304 277 1347 non
294 1284 372 1348 udis
387 1283 529 1347 veniens
546 1281 682 1347 Aurora
699 1282 833 1368 capillis
1096 1310 1149 1364 440

95 1401 287 1454 cessantem
305 1389 400 1464 vidit,
419 1411 487 1454 non
507 1389 706 1473 Hesperus:
732 1388 790 1478 illa
807 1389 942 1453 duabus

94 1495 317 1560 flammiferas
334 1496 435 1580 pinus
453 1496 613 1561 manibus
629 1495 806 1560 succendit
823 1496 867 1559 ab
882 1493 1011 1570 Aetna,

95 1624 223 1689 perque
240 1603 420 1688 pruinosas
436 1603 512 1667 tulit
525 1603 716 1688 inrequieta
733 1604 902 1667 tenebras.
923 1601 924 1607 ’

94 1731 211 1774 rursus
228 1710 286 1773 ubi
305 1710 396 1773 alma
413 1709 487 1773 dies
504 1711 682 1774 hebetarat
697 1709 824 1784 sidera,
843 1720 959 1773 natam

95 1816 175 1880 solis
193 1816 236 1879 ab
252 1836 378 1880 occasu
397 1816 477 1880 solis
494 1817 682 1902 quaerebat
697 1817 740 1880 ad
758 1829 864 1881 ortus.
1094 1845 1146 1904 445

94 1923 183 1987 sessa
202 1924 319 1987 labore
337 1923 426 1987 sitim
443 1924 643 2011 collegerat,
662 1945 790 2010 oraque
807 1922 892 1987 nulli

94 2030 284 2094 colluerant
299 2031 429 2105 sontes3
454 2051 533 2094 cum
550 2043 672 2095 tectam
691 2031 853 2095 stramine
871 2029 953 2095 vidit

93 2137 178 2200 sorte
196 2157 326 2211 casam,
345 2158 538 2223 parvasque
555 2138 645 2202 fores
663 2139 830 2222 pulsavit:
855 2137 984 2201 atinde

92 2243 205 2328 prodit
222 2263 321 2316 anus,
340 2243 523 2329 divamque
539 2244 644 2315 videt,
663 2245 911 2329 lymphamque
927 2246 1063 2329 roganti

92 2350 194 2413 dulce
211 2350 317 2425 dedit,
335 2361 421 2414 tosta
439 2352 531 2436 quod
547 2363 680 2414 texerat
697 2365 774 2415 ante
793 2353 942 2436 polenta.
1092 2381 1146 2436 450

92 2458 174 2522 dum
192 2456 277 2521 bibit
292 2456 349 2520 illa
366 2458 497 2531 datum,
517 2458 593 2522 duri
610 2480 695 2543 puer
710 2459 778 2522 oris
795 2469 829 2521 et
845 2458 959 2521 audax

93 2563 242 2627 constitit
259 2576 337 2627 ante
355 2565 470 2639 deam,
489 2565 642 2650 risitque,
661 2565 866 2650 avidamque
882 2563 1027 2628 vocavit.

91 2670 225 2735 offensa
243 2682 312 2744 est;
338 2692 451 2756 neque
469 2673 583 2736 adbuc
599 2683 700 2756 epota
717 2684 812 2756 parte
829 2672 1025 2756 loquentem

92 2797 171 2841 cum
190 2776 318 2863 liquido
336 2777 442 2841 mixta
461 2777 610 2863 perfudit
626 2779 706 2842 diva
724 2779 873 2864 polenta.

92 2883 256 2948 combibit
271 2905 309 2948 os
323 2885 489 2959 maculas,
504 2895 537 2950 et
552 2905 642 2970 quae
657 2885 757 2949 modo
774 2884 935 2948 bracchia
953 2883 1072 2970 gessit,
1091 2912 1143 2969 455

91 3011 192 3055 crura
209 2991 317 3077 gerit3
343 2992 455 3055 cauda
472 3003 523 3056 est
539 2991 676 3056 mutatis
693 2991 808 3056 addita
825 2991 1008 3055 membris:

90 3097 194 3184 inque
211 3098 350 3161 brevem
367 3097 526 3174 sormam,
545 3121 589 3163 ne
605 3098 648 3163 sit
662 3099 714 3163 vis
732 3119 858 3185 magna
876 3097 1036 3171 nocendi,

91 3204 313 3279 contrahitur,
333 3225 506 3290 parvaque
525 3205 636 3270 minor
653 3227 813 3270 mensura
830 3205 957 3269 lacerta
975 3217 1034 3268 est.

90 3310 271 3374 mirantem
287 3309 495 3397 flentemque
513 3324 546 3377 et
562 3325 704 3400 tangere
722 3325 872 3377 monstra
889 3325 1066 3397 parantem

90 3416 179 3502 sugit
196 3437 313 3490 anum,
332 3419 567 3506 latebramque
585 3420 666 3504 petit
677 3441 686 3493 ;
712 3433 896 3505 aptumque
913 3419 1019 3484 colori
1087 3433 1141 3500 460

89 3544 217 3587 nomen
235 3523 350 3598 habet,
368 3525 472 3590 variis
488 3526 641 3590 stellatus
658 3546 801 3609 corpora
817 3526 933 3611 guttis.

136 3627 235 3708 Quas
250 3631 313 3691 dea
327 3651 396 3710 per
410 3641 517 3694 terras
533 3643 568 3695 et
583 3654 670 3720 quas
688 3633 856 3702 erraverit
869 3633 999 3711 undas,

71 3728 186 3836 uicere
199 3729 304 3809 longa
316 3752 420 3794 mora
439 3747 504 3800 est.
560 3738 766 3828 Quaerenti
785 3747 902 3818 deluit
915 3748 1041 3817 orbis·-

50 3821 230 3884 srcamam
244 3831 396 3909 reperir,·
420 3839 586 3934 dumque
605 3859 742 3930 omnia
756 3860 901 3934 lustrat
915 3861 1063 3938 eundo,
