2444 4134
60 136 107 204 90
361 114 543 180 Philemon
567 114 641 178 and
661 111 806 178 Baucis.
972 127 1117 199 [Mareu.

63 314 230 379 candidus
247 313 280 377 in
300 311 411 378 medio
428 312 528 376 savus
544 324 606 376 est.
656 287 769 397 Super
785 308 902 374 omnia
918 309 1034 374 vultus

62 441 240 485 accessere
257 419 352 494 boni,
370 439 435 483 nec
452 418 543 482 iners
560 439 758 505 pauperque
776 417 944 481 voluntas.

108 527 242 592 Interea
259 527 380 591 totiens
399 527 558 590 haustum
575 538 706 589 cratera
723 522 847 609 repleri

63 645 182 720 sponte
200 655 276 709 sua,
296 654 356 718 per
372 654 477 719 seque
495 631 611 696 vident
627 651 844 696 succrescere
861 630 954 694 vina·
1067 645 1118 699 680

64 740 193 805 attoniti
211 741 358 806 novitate
376 752 514 825 pavent,
534 739 759 823 manibusque
777 737 907 822 supinis

64 847 260 932 concipiunt
276 845 471 932 Baucisque
490 866 610 930 preces
627 844 832 930 timidusque
849 842 1048 920 Philemon,

63 965 97 1019 et
113 953 248 1018 veniam
267 953 413 1038 dapibus
430 953 601 1038 nullisque
620 951 793 1037 paratibus
810 961 918 1014 orant.

108 1059 241 1125 Unicus
259 1080 359 1124 anser
376 1070 460 1134 erat,
480 1058 641 1121 minimae
659 1057 812 1121 custodia
829 1056 945 1131 villae,

63 1187 165 1253 quem
183 1167 235 1231 dis
253 1166 442 1250 hospitibus
459 1163 587 1229 domini
605 1174 755 1227 mactare
772 1163 952 1248 parabant.
1066 1181 1116 1250 685

63 1273 120 1337 ille
138 1273 228 1337 celer
245 1293 359 1357 penna
376 1271 491 1336 tardos
508 1283 618 1334 aetate
635 1270 768 1357 fatigat,

63 1379 235 1465 eluditque
253 1378 325 1453 diu,
344 1378 551 1463 tandemque
569 1388 620 1441 est
635 1375 728 1441 visus
745 1375 789 1441 ad
806 1375 898 1462 ipsos

64 1485 260 1572 confugisse
278 1485 373 1550 deos.
423 1482 546 1569 Superi
565 1494 703 1549 vetuere
719 1483 856 1559 necari:

45 1656 48 1664 ,
66 1590 152 1656 ‘Di'
168 1614 234 1678 que
253 1603 261 1632 ⁴
276 1614 407 1667 sumus,
428 1592 633 1677 meritasque
650 1591 720 1655 luet
736 1590 862 1655 vicinia
879 1611 1010 1677 poenas

64 1698 188 1785 impia’
205 1698 384 1772 dixerunt3
412 1698 531 1763 ‘vobis
548 1697 758 1762 immunibus
775 1697 876 1785 hujus
1064 1715 1118 1784 ⁶90

64 1827 140 1871 esse
157 1806 238 1870 mali
256 1805 411 1871 dabitur:
438 1806 538 1870 modo
555 1818 668 1871 vestra
685 1805 863 1893 relinquite
880 1816 981 1882 tecta,

65 1933 105 1978 ac
122 1925 254 1978 nostros
271 1913 428 1978 comitate
447 1914 589 2000 gradus,
608 1913 692 1977 etin
710 1914 816 1977 ardua
834 1913 958 1978 montis

64 2020 108 2085 ite
125 2020 251 2085 simul.’
297 2019 424 2084 Parent
441 2021 555 2093 ambo,
573 2020 773 2107 baculisque
790 2021 892 2084 levati

64 2126 215 2191 nituntur
231 2128 336 2213 longo
353 2127 497 2214 vestigia
515 2149 642 2212 ponere
659 2128 759 2192 clivo.

108 2233 260 2298 Tantum
279 2235 420 2298 aberant
437 2256 585 2309 summ0,
603 2247 768 2320 quantum
786 2235 892 2301 semel
909 2234 958 2300 ire
975 2234 1102 2324 sagitta

64 2341 168 2406 missa
187 2352 316 2426 potest:
341 2341 470 2405 flexere
487 2342 617 2416 oculos
637 2354 670 2405 et
687 2362 798 2406 mersa
816 2343 942 2427 palude

64 2460 177 2512 cetera
194 2447 417 2533 prospiciunt,
437 2458 567 2511 tantum
585 2469 646 2512 sua
663 2459 751 2524 tecta
767 2471 921 2513 manere.

64 2555 214 2641 dumque
231 2576 272 2618 ea
290 2556 467 2629 mirantur,
486 2554 567 2618 dum
585 2554 711 2619 deflent
727 2555 796 2620 sata
813 2576 965 2631 suorum,

63 2661 122 2725 illa
138 2674 248 2735 vetus,
268 2660 414 2725 dominis
431 2661 533 2724 etiarn
551 2682 632 2725 casa
648 2683 753 2745 parva
771 2663 904 2727 duobus

64 2767 203 2830 vertitur
218 2766 253 2829 in
270 2768 434 2851 templum
449 2789 457 2840 ;
482 2767 595 2832 furcas
613 2769 745 2833 subiere
763 2771 965 2841 columnae;
1064 2799 1117 2853 700

64 2872 226 2937 stramina
243 2873 444 2949 flavescunt,
464 2886 649 2959 aurataque
667 2886 754 2938 tecta
771 2876 939 2946 videntur,

64 2980 285 3066 caelataeque
303 2980 405 3052 sores,
426 2981 657 3066 adopertaque
676 3003 844 3047 marmore
862 2984 975 3048 tellus.

108 3083 210 3149 Talia
227 3097 296 3150 turn
315 3085 451 3169 placido
469 3085 649 3151 Saturnius
666 3088 772 3153 edidit
787 3110 866 3153 ore:

65 3202 75 3231 ⁴
91 3190 216 3266 Dicite,
232 3191 321 3278 juste
340 3213 458 3266 senex,
478 3203 510 3255 et
528 3192 653 3257 semina
671 3194 818 3282 conjuge
831 3196 922 3283 justo

63 3297 184 3384 digna,
202 3297 284 3384 quid
301 3298 446 3383 optetis.'
492 3297 582 3362 Cum
600 3298 753 3365 Baucide
771 3323 881 3386 pauca
899 3303 1044 3380 locutuS,

61 3401 227 3492 judicium
245 3404 375 3488 superis
394 3405 501 3489 aperit
517 3425 699 3470 commune
717 3406 918 3474 Philemon:

65 3509 174 3573 ‘Esse
192 3510 398 3583 sacerdotes,
418 3511 628 3596 delubraque
645 3525 757 3577 vestra
773 3516 859 3580 tueri

64 3616 257 3700 poscimus;
283 3626 315 3679 et
331 3616 493 3700 quoniam
511 3619 697 3682 concordes
715 3621 849 3706 egimus
867 3644 988 3700 annos,

65 3722 196 3785 auferat
213 3722 296 3786 hora
314 3723 399 3785 duos
416 3722 550 3794 eadem,
570 3744 634 3786 nec
651 3725 807 3812 conjugis
824 3750 986 3814 umquam

52 3829 153 3890 busta
170 3849 273 3892 meae
291 3828 440 3905 Videam,
459 3850 528 3894 neu
545 3828 611 3895 sim
628 3833 854 3897 tumulandus
869 3837 914 3897 ab
928 3835 1010 3898 illa-⁹
1065 3867 1120 3916 m
