2444 4134
76 105 100 167 l.
119 111 220 186 324]
376 93 561 161 Banr'shed
568 93 674 180 from
696 90 820 159 Rome.

459 385 522 454 IV.
571 385 741 452 TmsTm.

123 544 195 597 Tus
212 543 321 597 Trutia
342 544 376 614 (“
387 543 560 613 Complaints
570 544 602 614 '')
618 559 665 597 are
677 542 731 596 five
750 541 840 596 books
859 539 892 593 os
907 556 1004 610 poems
1019 542 1127 597 written

71 629 173 702 during
193 633 294 685 Ovid's
312 632 379 702 long
396 632 585 686 banishment.
632 633 716 686 Some
735 628 768 682 oi
783 631 857 682 them
878 629 948 683 have
967 631 1049 683 much
1069 631 1127 683 bio·

69 719 214 787 graplrical
232 719 357 786 interest,
370 719 427 772 and
445 719 483 772 all
499 735 547 772 are
565 717 614 772 tull
633 717 666 771 of
681 717 811 786 personal
825 716 946 788 feeling;
966 718 1126 773 sometimes

70 814 269 871 monotonous,
282 805 381 872 abject,
394 805 450 859 and
463 806 603 876 unmauly,
618 820 694 858 more
713 804 789 857 osten
808 821 826 857 a
843 806 963 876 genuine
980 805 1034 857 and
1053 814 1127 859 most

68 891 195 958 pathetic
221 893 387 960 expression
412 891 444 944 os
466 892 512 946 the
537 908 658 945 sorrows
684 890 716 944 os
740 890 821 945 exile.
869 892 1055 963 (Respecting
1079 893 1126 946 the

69 993 169 1030 causes
183 978 240 1031 and
253 979 472 1032 circumstances
485 978 517 1032 os
532 977 631 1032 Ovid’s
646 977 832 1046 banishment,
846 995 894 1033 see
908 980 954 1033 the
968 979 1014 1032 Lis
1028 981 1049 1049 .)

284 1195 315 1240 1.
341 1174 639 1259 Banz'shedsrom
662 1173 773 1240 Rome
800 1176 841 1263 (i.
860 1175 914 1263 3).

142 1384 220 1451 UM
236 1385 326 1451 subit
342 1385 432 1450 illius
448 1384 638 1450 tristissima
656 1385 763 1450 noctis
781 1385 910 1473 imago,

189 1491 271 1576 Qu
289 1493 371 1555 mihi
389 1513 586 1576 supremum
604 1504 738 1577 tempus
755 1493 789 1555 in
806 1492 902 1558 Urbe
920 1491 993 1567 fuit,

66 1598 159 1664 Cum
177 1612 293 1684 repeto
310 1611 458 1674 noctem,
477 1620 545 1684 qua
563 1610 609 1663 tot
626 1599 707 1662 mihi
726 1620 805 1663 cara
823 1599 955 1685 reliqui,

113 1706 259 1771 Labitur
276 1728 320 1770 ex
336 1707 444 1770 oculis
462 1727 555 1770 nunc
571 1727 705 1793 quoque
723 1718 820 1794 gutta
837 1706 934 1770 meis.

60 1813 142 1900 Jam
162 1835 268 1898 prope
285 1813 345 1877 lux
364 1813 493 1884 aderat,
513 1834 581 1898 qua
599 1835 652 1876 me
670 1813 847 1877 discedere
865 1811 997 1876 Caesar
1107 1843 1121 1900 ς

114 1919 258 1984 Finibus
275 1932 449 1984 extremae
462 1921 611 2007 jusserat
627 1917 816 1983 Ausoniae.

65 2026 146 2091 Nec
164 2026 310 2112 spatium
328 2027 450 2100 suerat,
469 2047 534 2091 nec
550 2048 647 2091 mens
665 2027 745 2090 satis
763 2038 841 2111 apta
858 2024 1023 2111 parandi:

114 2134 333 2219 Torpuerant
349 2135 455 2219 longa
473 2145 610 2218 pectora
627 2145 741 2198 nostra
760 2153 866 2197 mora.

65 2239 149 2304 Non
169 2239 251 2304 mihi
269 2262 458 2314 servorum,
477 2239 609 2304 comitis
627 2261 694 2303 non
712 2260 794 2304 cura
811 2238 962 2327 legendi,

113 2345 196 2411 Non
214 2358 313 2432 aptae
331 2346 478 2433 profugo
494 2349 597 2410 vestis
613 2345 730 2431 opisve
748 2346 820 2410 suit.
1090 2377 1120 2415 10

63 2452 148 2518 Non
167 2454 264 2518 aliter
280 2453 406 2537 stupui,
425 2473 529 2538 quarn
546 2452 602 2538 qui
615 2453 710 2538 Jovis
727 2452 865 2540 ignibus
883 2452 969 2517 ictus

111 2559 220 2633 Vivit,
239 2570 271 2623 et
287 2569 338 2624 est
354 2559 441 2623 vitae
460 2559 595 2623 nescius
611 2561 685 2643 ipse
703 2580 796 2624 suae.

63 2667 114 2733 Ut
130 2677 246 2730 tamen
264 2667 353 2730 hanc
372 2665 476 2729 animi
495 2666 619 2730 nubem
639 2666 735 2731 dolor
751 2666 824 2750 ipse
841 2666 996 2742 removit,

111 2773 156 2838 Et
172 2774 309 2837 tandem
329 2795 449 2838 sensus
467 2773 673 2837 convaluere
692 2773 780 2847 mei;

62 2879 248 2966 Adloquor
264 2893 454 2944 extremum
475 2891 623 2944 maestos
639 2880 790 2943 abiturus
808 2879 949 2954 amicos,
1090 2909 1118 2965 ις

112 2987 184 3074 Qui
203 2989 304 3052 modo
320 2989 363 3052 de
382 2989 495 3053 multis
512 3009 601 3052 unus
618 2999 650 3050 et
667 2987 750 3049 alter
766 2997 873 3051 erant.

63 3094 166 3160 Uxor
183 3115 304 3160 amans
320 3093 458 3159 flentem
474 3094 561 3159 flens
579 3093 692 3158 acrius
709 3093 782 3177 ipsa
800 3092 949 3169 tenebat,

113 3201 228 3265 lmbre
246 3223 307 3287 per
322 3203 482 3288 indignas
498 3224 607 3288 usque
625 3202 768 3266 cadente
785 3221 915 3287 genas3

65 3309 160 3374 Nata
178 3309 297 3394 procul
313 3308 456 3395 Libycis
473 3309 590 3373 aberat
605 3310 741 3375 diversa
759 3308 822 3372 sub
838 3307 919 3383 orie,

112 3416 190 3481 Nec
207 3427 337 3501 poterat
352 3415 411 3479 sati
429 3415 552 3479 certior
567 3437 642 3479 esse
660 3417 738 3481 mei.
1085 3446 1119 3485 20

67 3523 299 3608 Quocumque
316 3521 500 3606 aspiceres,
519 3521 630 3585 luctus
646 3523 862 3609 gemitusque
880 3520 1060 3596 sonabant,

112 3628 307 3712 Formaque
323 3648 391 3691 non
408 3626 499 3691 taciti
517 3627 646 3692 funeris
663 3628 752 3694 intus
770 3641 853 3694 erat.

64 3735 213 3810 Femina
229 3733 348 3820 virque
365 3755 454 3807 me0,
475 3733 570 3817 pueri
587 3755 722 3820 quoque
739 3735 858 3800 sunere
877 3746 1051 3811 maerent3

103 3837 216 3935 lvqlle
228 3836 334 3912 ,domo
348 3835 512 3902 lacrimas
530 3837 684 3928 angulus
700 3837 814 3907 omnis
828 3837 956 3905 liabetr
