2444 4134
71 137 115 210 54
333 119 369 186 Τ
362 121 404 185 Ire
439 120 655 207 Wundering
674 122 722 204 of
731 119 857 198 Ceres.
980 138 1122 210 [Massa

69 319 162 383 venit
177 330 210 383 et
227 319 270 383 ad
287 317 444 405 Cyanen.
492 317 544 382 Ea
562 318 595 381 ni
615 329 742 381 mutata
760 316 889 391 suisset,
1073 337 1121 406 465

69 426 184 490 omnia
201 439 392 498 narrasset;
417 426 479 490 sed
497 437 529 489 et
544 447 582 489 os
599 436 632 488 et
648 425 768 510 lingua
785 424 911 489 volenti

69 531 183 595 dicere
200 553 268 594 non
286 532 441 605 aderant,
461 551 524 595 nec
540 552 608 616 quo
625 531 832 616 loqueretur,
852 531 1015 597 habebat.

69 637 170 723 signa
186 650 300 701 tamen
319 637 498 701 manifesta
516 638 620 710 dedit,
639 648 824 722 notamque
841 638 990 721 parenti,

69 745 127 809 illo
145 745 228 808 sorte
246 745 321 808 loco
338 746 514 829 delapsam
532 745 566 808 in
583 744 720 831 gurgite
736 764 848 818 sacr0,

69 850 308 935 Persephones
325 873 447 915 zonam
465 851 607 914 summis
624 850 770 914 ostendit
786 849 820 912 in
838 851 952 915 undis.
1070 883 1120 936 470

68 979 171 1043 quarn
190 958 291 1022 simul
309 957 462 1044 agnovit,
479 969 655 1043 tamquam
671 967 753 1020 tunc
769 955 917 1042 denique
935 970 1070 1043 raptam

68 1064 200 1137 scisset,
218 1063 391 1128 inornatos
408 1063 550 1127 laniavit
565 1063 644 1128 diva
662 1062 819 1146 capillos,

68 1183 101 1235 et
117 1170 258 1255 repetita
276 1171 346 1235 suis
364 1170 530 1254 percussit
547 1181 685 1254 pectora
702 1169 838 1253 palmis.

68 1278 176 1343 nescit
193 1278 306 1342 adhuc
323 1277 380 1341 ubi
398 1278 460 1350 sit;
486 1288 593 1341 terras
609 1288 724 1340 tamen
742 1275 897 1361 increpat
912 1299 1048 1354 omnes,

68 1384 288 1472 ingratasque
304 1394 416 1458 vocat,
435 1404 499 1447 nec
516 1384 654 1470 frugum
673 1404 814 1447 munere
831 1383 977 1470 dignas:
1069 1415 1118 1472 475

66 1491 283 1556 Trinacriam
302 1502 380 1555 ante
398 1491 496 1564 alias,
514 1490 549 1553 in
566 1511 633 1576 qua
649 1489 796 1576 vestigia
812 1490 929 1554 damni

67 1598 225 1682 repperit.
274 1597 369 1683 Ergo
386 1596 456 1661 illic
471 1617 577 1660 saeva
593 1595 757 1660 vertentia
775 1596 895 1682 glebas

67 1703 169 1791 fregit
185 1715 297 1767 aratra
316 1724 435 1778 manu,
454 1703 620 1789 parilique
636 1702 723 1766 irata
739 1704 880 1768 colonos

67 1810 300 1896 ruricolasque
316 1812 422 1876 boves
437 1809 505 1875 leto
523 1810 628 1884 dedit,
648 1831 798 1896 arvaque
811 1810 912 1898 jussit

67 1918 186 1981 fallere
203 1917 407 2002 depositum,
427 1918 610 2003 vitiataque
628 1917 760 1980 semina
777 1918 867 1982 fecit.
1068 1938 1121 2003 480

67 2025 220 2088 fertilitas
236 2036 346 2089 terrae
363 2025 468 2087 latum
486 2024 627 2110 vulgata
645 2045 706 2108 per
722 2024 839 2088 orbern

66 2131 154 2195 salsa
167 2130 280 2218 jacet3
306 2131 424 2215 primis
441 2143 576 2217 segetes
595 2130 784 2194 moriuntur
800 2131 835 2193 in
853 2129 981 2203 herbis,

67 2251 100 2300 et
117 2239 217 2302 modo
234 2240 284 2302 sol
302 2238 440 2311 nimius,
459 2237 584 2302 nimius
602 2238 703 2300 modo
721 2237 859 2322 corripit
873 2236 1007 2320 imber;

66 2345 248 2431 sideraque
265 2345 425 2431 ventique
442 2357 578 2418 nocent,
598 2344 789 2430 avidaeque
805 2344 963 2410 volucres

67 2453 198 2516 semina
212 2451 304 2538 jacta
322 2452 462 2539 legunt;
488 2453 604 2515 lolium
622 2451 804 2536 tribulique
821 2451 967 2539 fatigant
1067 2471 1119 2540 485

66 2558 215 2622 triticeas
232 2580 374 2631 messes,
394 2570 426 2622 et
443 2558 714 2644 inexpugnabile
732 2580 889 2645 gramen.

110 2665 202 2730 Turn
220 2679 322 2751 caput
339 2666 433 2731 Eleis
450 2666 618 2751 Alpheias
635 2668 752 2731 extulit
769 2667 899 2741 undis,¹

65 2784 285 2859 rorantesque
303 2794 420 2838 comas
437 2795 457 2838 a
475 2774 583 2838 fronte
600 2775 744 2840 removit
761 2776 804 2840 ad
822 2797 934 2850 aures,

67 2890 167 2964 atque
185 2879 252 2943 aitr
279 2879 334 2944 ‘O
351 2892 419 2945 toto
435 2882 609 2967 quaesitae
627 2882 771 2969 virginis
787 2883 869 2947 orbe

64 2997 98 3049 et
114 2987 252 3072 frugum
270 2988 430 3073 genitrix,
451 2989 636 3054 immensos
652 2989 731 3054 siste
748 2990 895 3064 labores,
1064 3021 1119 3078 490

65 3113 151 3156 neve
169 3094 227 3157 tibi
245 3095 335 3159 fidae
351 3095 499 3160 violenta
518 3096 665 3160 irascere
682 3109 814 3160 terrae:

64 3210 153 3263 terra
173 3201 255 3264 nihil
275 3201 409 3276 meruit,
430 3202 604 3288 patuitque
622 3203 727 3267 invita
745 3205 899 3288 rapinae.

65 3327 129 3370 nec
146 3329 221 3370 sum
239 3330 300 3392 pro
317 3308 425 3392 patria
443 3310 610 3393 supplex3
638 3311 704 3373 huc
722 3310 854 3394 hospita
870 3311 969 3374 veni:

64 3412 144 3477 Pisa
163 3414 244 3477 mihi
262 3415 371 3498 patria
389 3426 451 3489 est,
471 3427 503 3479 et
521 3416 563 3479 ab
581 3415 681 3479 Elide
698 3417 854 3480 ducimus
871 3429 976 3481 ortus.

64 3518 240 3583 Sicaniam
258 3520 440 3607 peregrina
458 3523 547 3595 colo,
566 3523 626 3586 sed
644 3523 773 3608 gratior
789 3523 881 3587 omni
1063 3553 1115 3609 495

64 3628 149 3690 haec
168 3626 250 3689 mihi
267 3638 355 3690 terra
369 3628 441 3691 solo
458 3641 519 3692 est.
572 3627 646 3693 Hos
660 3649 751 3692 nunc
764 3627 937 3693 Arethusa
956 3642 1112 3712 penates

62 3732 155 3798 hanc
172 3733 282 3797 habeo
298 3734 437 3809 sedem3
462 3756 565 3820 quarn
582 3746 630 3810 tu,
650 3735 839 3810 mitissima,
859 3757 970 3800 serva.

49 3850 144 3899 mota
159 3838 240 3902 loco
256 3839 414 3916 cursim,
434 3841 588 3930 tantique
605 3863 667 3929 per
685 3842 846 3928 aequoris
858 3842 973 3905 undas
