2444 4134
46 143 101 197 'V.
122 142 196 214 532]
257 126 327 192 She
350 128 522 194 discovers
546 125 785 215 Proscrpz'nc’s
807 123 941 190 Abode.
1080 136 1121 208 55

65 323 221 388 advehar
238 323 435 412 Ortygiam,
453 327 568 390 veniet
583 325 777 389 narratibus
794 323 879 387 hora

64 433 269 514 tempestiva
288 432 385 504 meis,
404 453 482 496 curn
499 445 533 496 tu
551 451 702 517 curaque
719 431 832 495 levata
1071 457 1122 514 500

64 547 98 598 et
114 537 229 600 vultus
248 537 397 603 melioris
413 539 493 603 eris.
544 537 632 602 Mihi
650 537 768 623 pervia
784 535 885 599 tellus

65 642 208 725 praebet
224 643 299 716 iter,
319 645 500 730 subterque
518 644 604 708 imas
622 645 736 708 ablata
753 661 935 716 cavernas,

66 749 122 811 hic
140 765 244 832 caput
261 752 389 825 attoll0,
406 752 615 837 desuetaque
632 751 745 815 sidera
761 770 877 813 cern0.

44 905 49 909 .
65 875 151 939 ergo
168 855 250 918 dum
267 854 392 942 Stygio
409 858 473 921 sub
489 857 587 921 terris
604 856 741 942 gurgite
759 856 867 929 labor,

65 960 139 1023 visa
155 973 214 1024 tua
232 973 284 1026 est
298 962 406 1026 oculis
423 962 493 1028 illic
509 962 715 1046 Proserpina
733 963 875 1026 nostris:
1069 990 1118 1046 505

65 1066 125 1128 illa
142 1067 282 1152 quidem
299 1068 413 1143 tristis,
433 1090 544 1155 neque
562 1070 677 1133 adhuc
693 1069 842 1133 interrita
860 1068 967 1144 vultu,

65 1173 127 1236 sed
144 1173 267 1259 regina
284 1184 413 1250 tamen,
431 1176 492 1240 sed
509 1175 609 1259 opaci
628 1176 778 1239 maxima
797 1174 928 1248 mundi,

67 1279 128 1343 sed
143 1291 261 1343 tamen
277 1281 401 1345 inferni
418 1282 551 1366 pollens
569 1294 723 1346 matrona
739 1280 896 1368 tyranni.’

111 1385 227 1450 Mater
244 1388 288 1451 ad
305 1388 438 1452 auditas
455 1389 581 1473 stupuit
597 1410 659 1453 ceu
676 1409 782 1453 saxea
798 1409 915 1463 voces,

67 1492 296 1578 attonitaeque
314 1495 372 1557 diu
390 1494 510 1558 similis
527 1495 600 1559 suit.
649 1495 764 1582 thue
782 1496 899 1560 dolore
1069 1523 1120 1579 510

67 1600 167 1684 pulsa
184 1601 283 1686 gravi
300 1602 416 1688 gravis
432 1613 483 1664 est
499 1603 659 1677 amentia,
679 1603 833 1667 curribus
851 1621 953 1666 auras

67 1707 137 1770 exit
154 1707 188 1770 in
206 1709 396 1772 aetherias:
423 1708 469 1771 ibi
486 1721 554 1774 toto
571 1711 688 1775 nubila
705 1711 799 1773 vultu

68 1822 147 1873 ante
159 1809 281 1895 Jovern
300 1810 411 1895 passis
427 1812 516 1876 stetit
532 1812 699 1878 invidiosa
717 1812 871 1897 capillis:

69 1915 228 2003 ‘Proque
247 1938 323 1993 meo
341 1917 417 1980 veni
435 1920 580 2003 supplex
596 1920 668 1993 tibi,
683 1919 864 2006 Juppiter,’
882 1919 1001 2004 inquit,

69 2023 276 2110 ‘sanguine‚
291 2044 420 2109 proque
438 2038 507 2090 tuo.
557 2025 594 2090 Si
612 2027 706 2090 nulla
724 2038 774 2091 est
789 2025 899 2111 gratia
917 2023 1048 2097 matris,
1069 2053 1118 2110 5¹5

67 2142 148 2193 nata
166 2142 297 2214 patrem
315 2143 469 2204 moveat;
494 2153 560 2196 neu
578 2133 620 2197 sit
635 2131 694 2196 tibi
711 2153 808 2207 cura,
826 2150 1019 2214 precamur.

66 2236 168 2300 vilior
184 2237 287 2310 illius,
306 2238 396 2322 quod
415 2251 530 2303 nostro
546 2252 597 2303 est
613 2239 703 2303 edita
721 2251 831 2323 partu.

67 2365 111 2407 en
129 2344 283 2428 quaesita
300 2345 358 2408 diu
376 2346 512 2409 tandem
533 2346 616 2409 mihi
633 2357 712 2409 nata
732 2356 865 2430 reperta
882 2355 953 2409 este

67 2449 96 2514 si
114 2450 264 2533 reperire
283 2471 385 2515 vocas
403 2452 554 2516 amittere
572 2452 708 2526 certine,
728 2464 786 2515 aut
801 2451 828 2514 si

67 2556 171 2629 scire,
189 2557 245 2621 ubi
263 2557 317 2631 sit,
337 2559 485 2642 reperire
502 2580 617 2623 vocae.
669 2557 773 2642 Quod
790 2569 900 2644 rapta,
919 2558 1081 2632 feremus,

68 2665 255 2729 dummodo
273 2665 393 2729 reddat
409 2687 508 2729 eamr
535 2667 751 2752 nequeenim
770 2667 944 2750 praedone
962 2664 1082 2729 marito

68 2772 139 2834 filia
157 2772 261 2859 digna
278 2782 337 2836 tua
354 2773 496 2836 est-si
510 2773 582 2859 jam
601 2792 677 2835 mea
693 2772 763 2836 filia
780 2794 848 2836 non
866 2771 936 2836 est.‘

109 2879 267 2964 Juppiter
283 2879 429 2963 excepit,
445 2879 655 2944 ‘Commune
673 2893 723 2944 est
740 2880 866 2966 pignus
882 2899 1037 2964 onusque

67 2999 149 3048 nata
167 2986 249 3048 mihi
265 2998 376 3050 tecum
391 3010 399 3059 ;
425 2988 486 3051 sed
502 2987 530 3051 si
549 2987 649 3051 modo
667 2987 806 3052 nomina
823 2986 924 3049 rebus

68 3093 196 3157 addere
213 3115 293 3156 vera
311 3094 436 3178 placet,
455 3116 523 3158 non
541 3095 608 3158 hoc
625 3093 747 3180 injuria
765 3093 905 3166 sactum,
1068 3121 1117 3177 525

67 3221 187 3262 verum
205 3220 302 3264 amor
319 3212 380 3264 est.
429 3199 552 3286 Neque
570 3203 632 3264 erit
648 3202 746 3264 nobis
764 3220 871 3284 gener
887 3197 944 3262 ille
961 3198 1096 3282 pudori,

66 3317 104 3369 tu
122 3307 237 3380 modo,
254 3306 346 3380 diva,
364 3307 462 3371 velis.
512 3306 559 3371 Ut
576 3308 686 3371 desint
703 3320 829 3378 cetera,
848 3317 1013 3389 quantum
1032 3316 1082 3367 est

67 3434 144 3476 esse
156 3411 252 3497 Jovis
269 3413 406 3478 fratrem
422 3411 429 3476 l
457 3411 552 3497 Qld
568 3414 660 3499 quod
678 3433 742 3476 nec
759 3425 873 3476 cetera
891 3411 1025 3485 desunt,

50 3540 133 3596 ‚nec
149 3519 239 3583 cedit
254 3518 318 3584 nisi
336 3532 424 3583 sorte
442 3520 524 3583 mihi
542 3521 556 3587 ?
586 3519 656 3584 Sed
674 3531 765 3582 tanta
784 3517 909 3602 cupido

67 3624 96 3690 si
112 3625 172 3689 tibi
189 3625 322 3690 discidii
340 3637 402 3700 est,
421 3637 548 3710 repetet
565 3625 770 3709 Proserpina
788 3625 936 3699 caelum,
1068 3654 1117 3708 530

68 3733 148 3820 lege
164 3743 278 3797 tamen
296 3745 402 3806 certa,
421 3733 448 3797 si
466 3733 577 3797 nullos
595 3731 736 3818 contigit
751 3731 822 3794 illic

68 3859 127 3900 ore
141 3837 255 3900 cibos:
276 3858 357 3900 nam
373 3839 426 3901 sic
440 3837 632 3906 Parcarum
649 3838 792 3907 foedere
809 3850 951 3906 cautum
967 3837 1037 3904 est?
