2444 4134
63 147 187 219 1V.95.]
250 92 413 220 Maeling
432 133 595 219 assigned
616 141 653 197 at
676 131 805 197 Ninus’
836 132 871 196 Τ
866 134 951 196 amb.
1076 150 1119 218 39

64 352 110 394 ex
128 352 239 417 aequo
256 330 364 416 captis
382 331 547 394 ardebant
565 329 733 393 mentibus
751 330 872 393 ambo:

64 437 226 501 conscius
242 438 354 501 omnis
372 437 466 500 abest
477 458 486 509 ;
512 448 595 499 nutu
613 437 790 523 signisque
809 437 1004 523 loquuntur.

113 541 263 629 Quoque
282 543 393 628 magis
409 543 547 629 tegitur,
566 553 673 606 tectus
691 542 802 628 magis
820 554 951 608 aestuat
967 543 1071 630 ignis.

65 649 168 712 fissus
185 659 258 711 erat
274 648 366 711 tenui
383 647 482 721 rima,
501 667 604 732 quam
622 647 766 710 duxerat
782 647 862 710 olim
1084 664 1118 733 65

65 775 145 818 cum
163 753 272 827 fieret,
291 753 403 837 paries
420 753 537 817 domui
555 753 746 817 communis
764 753 908 840 utrique.

65 861 101 925 id
118 860 238 923 vitium
256 860 339 922 nulli
357 880 418 944 per
434 859 573 923 saecula
590 860 694 944 longa
712 871 919 922 notatum-

65 967 148 1054 quid
167 989 235 1030 non
254 966 354 1030 sentit
370 963 488 1030 amor?
502 965 655 1050 -primi
672 965 816 1039 vidistis,
836 978 1004 1042 amantes,

66 1085 99 1138 et
115 1072 210 1137 vocis
228 1073 355 1136 fecistis
371 1072 453 1146 iter3
478 1083 637 1158 tutaeque
654 1093 715 1157 per
731 1073 816 1137 illud

67 1201 243 1244 murmure
260 1179 446 1244 blanditiae
463 1179 604 1243 minimo
621 1179 764 1243 transire
781 1181 948 1244 solebant.
1086 1211 1120 1264 70

67 1308 184 1372 saepe,
203 1285 263 1350 ubi
281 1286 513 1359 constiterant,
533 1286 612 1349 hinc
630 1285 774 1360 Thisbe,
794 1284 964 1371 Pyramus
980 1285 1087 1361 illinc,

66 1395 170 1481 inque
188 1392 282 1456 vices
298 1393 408 1456 fuerat
427 1404 581 1477 captatus
599 1391 769 1456 anhelitus
785 1392 866 1465 oris,

69 1499 233 1564 ‘Invide'
250 1499 410 1564 dicebant
428 1511 436 1539 ‘
451 1500 576 1584 paries,
596 1500 678 1585 quid
696 1501 889 1564 amantibus
905 1496 1042 1565 obstas?

67 1618 233 1693 quantum
251 1619 336 1681 erat,
355 1618 392 1669 ut
408 1607 537 1671 sineres
554 1618 621 1670 toto
639 1628 701 1671 nos
719 1627 860 1691 corpore
874 1606 988 1694 jungi,

67 1724 125 1777 aut
143 1714 209 1776 hoc
225 1712 254 1777 si
271 1713 427 1787 nimium,
446 1714 500 1777 vel
518 1714 562 1777 ud
578 1714 696 1777 oscula
713 1713 828 1777 danda
845 1710 1001 1797 pateresl
1087 1743 1119 1800 75

67 1842 133 1886 nec
149 1842 269 1885 sumus
285 1821 431 1910 ingrati;
456 1820 515 1884 tibi
533 1843 595 1884 nos
612 1821 737 1884 debere
754 1819 912 1896 fatemur,

66 1928 161 2014 quod
177 1929 276 1992 datus
293 1938 344 1991 est
360 1926 472 1991 verbis
490 1927 534 1991 ad
551 1929 681 1990 amicas
698 1927 858 1991 transitus
875 1927 1000 1992 aures.’

66 2036 149 2098 talia
166 2035 302 2098 diversa
319 2033 527 2120 nequiquam
545 2034 626 2098 sede
643 2033 759 2108 locuti,

66 2140 132 2206 sub
149 2152 282 2204 noctem
300 2140 418 2204 dixere
435 2140 525 2214 vale,
543 2140 697 2227 partique
714 2140 839 2206 dedere

66 2249 186 2314 oscula
204 2249 347 2338 quisque
364 2270 447 2314 suae
465 2272 532 2315 non
551 2250 783 2336 pervenientia
802 2262 931 2317 contra.
1086 2270 1121 2324 80

112 2355 254 2422 Postera
271 2370 455 2422 nocturnos
473 2378 595 2422 aurora
612 2370 803 2424 removerat
819 2360 930 2446 ignes,

65 2465 187 2552 solque
204 2464 384 2550 pruinosas
400 2465 504 2531 radiis
521 2465 709 2531 siccaverat
726 2468 870 2531 herbas:

33 2570 39 2575 ’
64 2574 112 2638 ad
128 2573 265 2638 solitum
282 2578 394 2639 coiere
410 2575 536 2638 locum.
585 2574 677 2638 Tum
696 2595 868 2638 murmure
885 2595 991 2658 parvo

65 2682 175 2745 multa
191 2681 285 2767 prius
301 2681 424 2768 questi,
444 2691 594 2745 statuunt
609 2695 645 2745 ut
661 2693 759 2745 nocte
776 2680 887 2745 silenti

65 2790 187 2854 fallere
204 2790 361 2855 custodes
379 2788 575 2875 foribusque
592 2790 759 2853 excedere
777 2799 953 2872 temptent,
1085 2805 1118 2875 83

65 2917 214 2981 cumque
232 2897 334 2960 domo
351 2894 507 2967 exierint,
526 2894 619 2959 urbis
635 2915 770 2981 quoque
785 2904 873 2960 tecta
890 2893 1104 2979 relinquant3

64 3023 154 3067 neve
171 3002 214 3067 sit
229 3002 413 3066 errandum
430 3003 499 3066 lato
515 3001 739 3086 spatiantibus
757 3022 851 3074 arvo,

65 3109 274 3216 cqueniant
290 3109 335 3174 ad
350 3110 448 3173 busta
465 3107 563 3182 Nini,
582 3109 775 3194 lateantque
791 3108 854 3172 sub
872 3106 993 3170 umbra

65 3216 220 3291 arboris:
246 3215 347 3280 arbor
361 3213 408 3279 ibi
425 3213 533 3280 niveis
550 3215 721 3280 uberrima
738 3214 847 3299 pomis

66 3304 176 3387 ardua
194 3343 308 3387 morus
325 3331 410 3396 erat,
429 3321 545 3407 gelido
562 3321 772 3386 contermina
790 3319 885 3384 sonti.
1082 3355 1117 3408 90

112 3427 220 3495 Pacta
237 3428 394 3513 placent3
420 3439 452 3491 et
468 3428 541 3502 lux,
559 3428 654 3491 tarde
671 3427 846 3492 discedere
863 3426 949 3501 visa,

65 3534 310 3623 praecipitatur
326 3535 436 3621 aquiS,
455 3545 488 3598 et
504 3534 599 3620 aquis
616 3557 685 3599 nox
703 3534 811 3620 surgit
828 3533 871 3596 ab
887 3532 1008 3597 isdem.

66 3641 195 3709 callida
211 3662 272 3728 per
287 3642 445 3706 tenebras
461 3652 595 3705 versato
612 3641 751 3705 cardine
767 3639 899 3704 Thisbe

66 3748 244 3839 egreditur
258 3747 412 3835 fallitque
428 3769 522 3822 suos,
540 3748 770 3832 adopertaque
787 3746 917 3809 vultum

57 3854 280 3937 pervenitad
291 3855 472 3928 tumulum,
493 3855 656 3944 dictaque
674 3857 739 3924 sub
759 3857 884 3924 arbore
902 3854 1005 3924 sebit.
1098 3884 1140 3941 qe,
