2444 4134
67 153 250 228 vuum]
357 135 430 205 730
462 135 554 204 Witd
573 136 678 204 Boar
699 146 738 203 at
759 135 854 223 Bay.
1082 136 1127 221 83

68 344 141 408 fixa
158 343 224 408 sub
240 363 325 409 aure
341 342 405 408 feri
420 365 594 410 summum
611 343 792 431 destringit
808 345 940 410 arundo

69 471 211 536 corpus,
229 461 262 515 et
278 449 407 536 exiguo
423 451 590 516 rubefecit
604 451 774 538 sanguine
791 463 917 516 saetas.

69 578 137 622 nec
153 569 269 622 tamen
284 556 345 620 illa
362 555 415 620 sui
432 577 596 622 successu
609 557 728 621 laetior
744 557 843 630 ictus,

71 685 176 750 quarn
193 663 394 750 Meleagros
411 673 495 727 erat.
544 661 682 728 Primus
697 662 824 728 vidisse
840 675 990 748 putatur,
1076 681 1126 750 385

71 783 104 835 et
120 771 252 856 primus
268 770 370 836 sociis
385 768 497 835 visum
513 770 703 835 ostendisse
720 789 890 844 cruorem,

72 889 105 942 et
123 890 132 919 ⁶
147 877 330 943 Meritum’
347 877 475 942 dixisse
494 887 503 916 ‘
519 876 608 941 feres
624 875 755 940 virtutis
773 875 960 941 honorem.'

72 986 240 1050 erubuere
257 985 332 1059 viri,
351 1005 457 1071 seque
473 984 710 1057 exhortantur,
729 993 763 1047 et
779 982 909 1047 addunt

72 1111 153 1155 curn
169 1092 319 1156 clamore
335 1091 482 1162 animos,
497 1090 697 1178 jaciuntque
713 1089 787 1154 sine
803 1089 923 1155 ordine
939 1089 1028 1154 telas

72 1199 173 1262 turba
189 1208 289 1263 nocet
300 1198 415 1285 jactis,
432 1209 466 1262 et
480 1218 566 1284 quos
582 1197 678 1282 petit,
696 1195 838 1281 impedit
854 1195 953 1261 ictus.
1075 1229 1127 1284 390

117 1304 211 1370 Ecce
228 1305 344 1370 furens
361 1316 478 1370 contra
495 1325 558 1369 sua
573 1303 644 1368 fata
660 1303 854 1388 bipennifer
870 1301 982 1368 Arcas

75 1423 84 1452 ‘
98 1411 243 1486 Discite,
261 1411 416 1476 femineis
432 1411 514 1498 quid
530 1411 600 1475 tela
615 1410 726 1475 virilia
743 1421 928 1496 praestent,

72 1518 105 1584 Ο
118 1519 277 1607 juvenes,
293 1518 458 1605 operique
476 1539 553 1583 meo
568 1517 766 1583 concedite'
781 1517 887 1591 dixit3

74 1625 170 1710 ‘ipsa
189 1625 259 1689 suis
277 1625 355 1688 licet
371 1626 463 1689 hunc
480 1623 626 1714 Latonia
645 1636 802 1712 protegat
818 1623 937 1698 armis,

71 1731 178 1795 invita
195 1744 309 1796 tamen
328 1731 420 1796 hunc
437 1731 581 1816 perimet
597 1752 675 1796 mea
693 1731 813 1795 dextra
832 1729 972 1796 Diana!
1073 1764 1124 1820 395

70 1839 153 1902 talia
171 1838 394 1925 magniloquo
410 1837 560 1902 tumidus
577 1849 827 1902 memoraverat
842 1858 915 1913 ore,

72 1944 324 2030 ancipitemque
342 1964 444 2008 manu
461 1945 584 2009 tollens
600 1955 745 2031 utraque
761 1945 910 2010 securim

71 2051 237 2115 institerat
253 2050 381 2136 digitis,
400 2051 528 2135 primos
544 2072 732 2135 suspensus
748 2051 783 2116 in
801 2064 907 2116 artus.

70 2168 218 2241 occupat
234 2159 431 2231 audentem,
449 2178 585 2243 quaque
602 2169 654 2222 est
668 2158 725 2222 via
743 2158 900 2243 proxima
916 2159 997 2233 lete,

71 2285 206 2329 summa
225 2264 315 2328 ferus
332 2264 488 2351 geminos
505 2265 629 2328 direxit
646 2265 689 2328 ad
706 2265 851 2351 inguina
866 2266 998 2330 dentes.
1071 2297 1124 2348 400

70 2371 220 2436 concidit
235 2368 410 2444 Ancaeus,
429 2371 689 2457 glomerataque
705 2372 876 2460 sanguine
895 2373 1001 2437 multo

69 2479 203 2541 viscera
219 2477 316 2561 lapsa
332 2475 454 2550 fluunt,
473 2476 735 2564 madefactaque
752 2489 842 2542 terra
859 2499 979 2543 cruore
997 2491 1058 2544 est.

116 2584 192 2648 Ibat
207 2583 242 2646 in
260 2584 440 2647 adversum
460 2584 572 2667 proles
589 2582 718 2648 Ixionis
737 2586 870 2649 hostem

70 2689 254 2762 Pirithous,
273 2690 388 2753 valida
404 2690 560 2775 quatiens
577 2691 747 2754 venabula
765 2691 899 2757 dextra.

70 2795 124 2859 cui
143 2794 261 2879 procul
277 2791 433 2880 Aegides
450 2805 458 2832 ⁴
473 2792 505 2858 Ο
524 2813 577 2857 me
595 2794 678 2857 mihi
696 2796 826 2860 carior’
844 2795 954 2883 inquit
1070 2828 1121 2883 405

71 2912 176 2986 ‘pars
193 2899 328 2963 animae
346 2899 492 2964 consiste
509 2899 628 2964 meae!
654 2901 733 2966 licet
748 2902 883 2967 eminus
900 2924 975 2968 esse

69 3006 232 3071 sortibus:
257 3004 401 3070 Ancaeo
418 3007 533 3070 nocuit
548 3008 730 3097 temeraria
747 3009 878 3074 virtus!

68 3113 167 3186 dixit,
186 3123 219 3176 et
236 3123 350 3176 aerata
367 3113 461 3177 torsit
478 3133 585 3198 grave
603 3115 744 3200 cuspide
761 3135 924 3180 cornum:

67 3241 136 3306 quo
150 3220 237 3284 bene
251 3221 372 3286 librato
382 3219 519 3306 votique
537 3233 672 3305 potente
689 3223 801 3288 futuro

67 3326 195 3392 obstitit
211 3327 369 3390 aesculea
387 3327 568 3392 frondosus
585 3329 629 3392 ab
645 3330 766 3393 arbore
783 3351 911 3396 ramus.
1069 3361 1123 3412 410

66 3432 160 3497 misit
176 3444 208 3496 et
224 3430 418 3498 Aesonides
431 3433 598 3520 jaculum,
617 3436 707 3520 quod
725 3457 826 3500 casus
843 3438 886 3501 ab
903 3438 961 3503 illo

65 3539 167 3603 vertit
182 3538 217 3601 in
234 3538 393 3603 immeriti
410 3539 515 3604 fatum
534 3541 698 3614 latrantis,
717 3555 751 3606 et
767 3543 854 3606 inter

65 3645 126 3709 ilia
143 3645 334 3733 conjectum
352 3647 471 3709 tellure
489 3668 549 3730 per
566 3648 624 3709 ilia
640 3648 747 3712 fixum
764 3662 827 3713 est.

112 3749 161 3817 At
178 3773 300 3816 manus
318 3751 474 3817 Oenidae
492 3754 621 3825 variat3
648 3755 828 3842 missisque
845 3757 979 3821 duabus

59 3859 158 3918 basta
168 3857 268 3936 prior
281 3869 384 3928 terra,
404 3858 520 3923 medio
537 3861 632 3928 stetit
647 3863 761 3932 altera
776 3876 894 3958 tergo.
1085 3895 1140 3951 ur,

496 3983 623 4048 4096211‘,
637 3983 681 4036 M.
