2444 4134
81 151 134 205 lv,
161 133 240 224 646]
445 137 480 201 T
474 137 517 202 lae
545 135 654 202 Gr'am
676 136 790 201 Atlas·
991 237 1004 264 Ι
1089 155 1132 224 43

78 329 326 475 VIPEREI
350 333 502 399 reserens
519 334 664 419 spolium
684 333 906 398 memorabile
924 333 1065 398 monstri

184 444 264 503 adra
282 441 444 524 carpebat
458 454 612 505 tenerum
631 441 849 506 stridentibus
866 440 951 515 alis;

76 567 226 631 cumque
243 568 347 631 super
362 546 515 633 Libycas
532 547 639 611 victor
656 547 820 632 penderet
836 568 972 624 arenas,

76 651 257 738 Gorgonei
274 653 394 736 capitis
410 666 527 740 guttae
544 653 700 718 cecidere
718 666 892 727 cruentae,

75 780 162 844 quas
181 759 306 823 humus
322 774 484 844 exceptas
501 760 613 825 varios
632 760 794 824 animavit
812 761 844 824 in
863 782 1016 849 angues:

75 867 169 929 unde
190 865 351 951 frequens
367 866 425 929 illa
442 879 493 930 est
508 867 697 952 infestaque
714 880 802 931 terra
821 868 981 932 colubris.
1077 884 1130 939 620

122 971 208 1035 lude
225 993 286 1057 per
302 972 508 1036 immensum
526 973 635 1037 ventis
652 975 867 1038 discordibus
884 987 980 1039 actus

74 1100 170 1142 nunc
187 1080 267 1152 huc,
287 1100 380 1144 nunc
396 1080 490 1154 illuc,
509 1081 670 1165 exemplo
688 1082 787 1146 nubis
805 1103 955 1168 aquosae

74 1185 194 1259 fertur,
212 1198 246 1250 et
262 1207 306 1250 ex
323 1187 390 1251 alto
407 1186 566 1252 seductas
585 1189 722 1252 aethere
740 1189 843 1275 longe

74 1293 253 1377 despectat
268 1306 387 1361 terras.
406 1306 580 1378 totumque
598 1297 793 1378 supervolat
808 1296 939 1360 orbem.

73 1413 126 1464 ter
141 1401 278 1486 gelidas
294 1399 431 1474 Arctos,
449 1414 499 1464 ter
516 1401 641 1466 Cancri
662 1404 822 1467 bracchia
840 1403 942 1467 vidit:
1074 1419 1126 1490 ⁶²5

74 1527 179 1591 saepe
197 1509 261 1570 sub
277 1528 434 1581 occasuS‚
453 1529 557 1593 saepe
575 1522 625 1574 est
642 1510 773 1573 ablatus
787 1511 821 1573 in
838 1522 943 1574 ortus.

70 1613 212 1700 jamque
230 1615 373 1678 cadente
391 1614 459 1689 die,
476 1617 605 1680 veritus
622 1637 658 1680 se
675 1618 815 1681 credere
832 1617 936 1691 nocti,

73 1721 223 1784 constitit
242 1720 425 1806 Hesperi0‚
443 1723 560 1810 regnis
578 1715 739 1797 Atlantis,
758 1725 791 1786 in
810 1724 912 1798 orbe3

72 1827 308 1914 exiguamque
325 1830 407 1914 petit
423 1830 587 1916 requiem,
606 1832 686 1894 dum
704 1830 845 1894 Luciser
861 1831 960 1917 ignes

72 1946 194 1998 evocet
209 1933 380 2011 Aurorae,
400 1957 518 2000 currus
535 1935 671 2001 Aurora
688 1937 840 2002 diurnos.
1072 1954 1124 2023 630

119 2040 189 2107 Hic
200 2043 382 2106 hominum
400 2056 540 2108 cunctos
557 2044 687 2129 ingenti
704 2065 847 2128 corpore
864 2054 1042 2129 praestans

71 2149 304 2236 Iapetionides
319 2149 419 2214 Atlas
435 2149 507 2213 suit.
558 2149 687 2215 Ultima
704 2151 803 2215 tellus

70 2279 155 2345 rege
172 2258 235 2321 sub
254 2258 319 2321 hoc
336 2270 368 2321 et
384 2269 506 2341 pontus
523 2269 607 2330 erat,
626 2259 683 2343 qui
701 2256 792 2321 Solis
809 2257 942 2322 anhelis

69 2386 222 2451 aequora
239 2363 352 2428 subdit
365 2363 473 2449 equis,
493 2374 525 2427 et
541 2363 648 2428 sessos
665 2364 792 2448 excipit
808 2386 903 2428 axes

69 2473 165 2536 mille
183 2492 310 2559 greges
327 2471 388 2543 illi,
408 2471 614 2556 totidemque
632 2484 785 2534 armenta
803 2492 863 2554 per
881 2471 1004 2534 herbas
1068 2486 1120 2555 635

67 2579 251 2653 errabant3
277 2589 310 2642 et
327 2578 468 2641 humum
487 2577 612 2640 vicinia
630 2578 723 2640 nulla
741 2577 953 2661 premebant.

68 2688 236 2752 arboreae
253 2685 391 2750 frondes
408 2705 491 2748 auro
507 2685 661 2747 radiante
679 2685 840 2757 virentem

67 2816 113 2858 ex
131 2814 216 2858 auro
232 2814 359 2866 ramos,
378 2813 421 2856 ex
439 2812 523 2855 auro
541 2811 642 2874 poma
659 2789 831 2876 tegebant.

116 2899 305 2984 ‘Hospesss
322 2899 369 2964 ait
385 2898 532 2964 Perseus
549 2896 611 2972 illi,
633 2909 715 2961 ‘seu
732 2896 843 2983 gloria
861 2896 970 2982 tangit

66 3018 100 3071 te
117 3007 255 3094 generis
273 3007 404 3094 magni,
422 3005 559 3094 generis
577 3005 659 3067 mihi
671 3003 828 3089 Juppiter
844 3015 962 3068 auctor
973 3026 982 3076 ;
1065 3019 1117 3086 ⁶40

66 3115 139 3178 sive
157 3135 195 3177 es
212 3113 350 3178 mirator
366 3135 492 3187 rerum,
511 3113 679 3175 mirabere
698 3123 849 3174 nostras:

67 3220 252 3304 hospitium
268 3219 488 3306 requiemque
505 3219 608 3304 peto.'
654 3217 790 3282 Memor
807 3217 863 3281 ille
881 3228 1030 3281 vetustae

66 3327 167 3391 sortis
184 3338 276 3400 erat;
300 3326 444 3391 Themis
461 3327 552 3389 hanc
569 3326 710 3390 dederat
725 3324 891 3388 Parnasia
908 3337 1052 3388 sortem:

68 3431 260 3516 ‘Tempus,
278 3432 373 3506 Aila,
394 3434 517 3506 veniet,
536 3442 593 3495 tua
610 3452 677 3516 quo
694 3432 894 3516 spoliabitur
910 3452 993 3494 auro

66 3523 181 3614 arbor,
201 3551 233 3602 et
249 3540 340 3604 hunc
357 3540 506 3623 praedae
523 3538 654 3602 titulum
667 3538 754 3623 Jove
771 3551 870 3602 natus
887 3536 1049 3602 habebit?

63 3645 103 3712 id
118 3657 286 3721 metuens,
305 3645 421 3710 solidis
438 3644 591 3729 pomaria
608 3645 776 3709 clauserat
792 3643 891 3709 Atlas

65 3753 259 3818 moenibus.
277 3763 311 3816 et
326 3763 421 3816 vasto
438 3752 579 3815 dederat
595 3750 762 3814 servanda
780 3751 933 3826 draconi,

60 3857 266 3936 arcebatque
279 3855 352 3917 anis
368 3866 532 3919 externos
549 3855 678 3923 finibus
696 3879 835 3926 omnes.
