2444 4134
75 127 121 181 11.
150 126 226 200 176.]
255 106 324 174 lec
348 106 468 174 Stccds
492 107 576 174 dash
590 109 765 194 sorward
788 130 829 172 on
855 107 910 172 tlte
932 106 1072 174 Coursc.
1098 125 1139 189 23

76 308 232 371 humida
249 329 317 371 nox
334 307 463 394 tetigit3
488 329 556 371 non
574 319 625 371 est
643 328 736 370 mora
754 307 861 370 libera
878 305 988 369 nobis.

78 415 282 499 poscimur:
309 412 450 497 effulget
467 414 615 478 tenebris
634 434 756 477 aurora
775 413 911 499 sugatis.

79 522 221 606 corripe
238 522 309 585 lora
328 541 453 594 manu;
478 522 546 595 vel,
565 521 592 585 si
611 521 772 584 mutabile
791 532 908 604 pectus
1092 549 1140 604 ¹4⁵

81 642 136 693 est
155 629 226 703 tibi,
246 627 409 701 consiliis,
429 649 497 690 non
515 627 670 691 curribus
688 638 782 690 utere
800 627 935 701 nostris,

82 737 169 800 dum
188 747 296 819 potes,
316 747 348 798 et
364 733 481 798 solidis
498 734 600 797 etiam
618 754 710 798 nunc
727 733 865 797 sedibus
882 734 1009 807 adstas,

83 842 237 929 dumque
256 843 345 905 male
362 853 493 926 optatos
511 841 663 904 nondum
681 840 808 924 premis
825 840 952 903 inscius
969 861 1064 904 axes.

83 970 154 1035 qua
192 961 283 1012 tutus
300 960 445 1032 spectes,
466 947 538 1012 sine
557 969 611 1012 me
628 949 710 1011 dare
727 947 857 1011 lumina
873 947 995 1027 terrisa’¹

106 970 290 1150 &ccupat
307 1056 363 1119 ille
381 1056 490 1118 levem
504 1054 648 1142 juvenili
667 1075 808 1138 corpore
827 1034 991 1126 currum,
1091 1083 1140 1138 150

84 1174 219 1248 statque
237 1184 351 1247 super,
371 1162 594 1248 manibusque
614 1162 711 1223 datas
729 1160 928 1246 contingere
947 1161 1101 1224 habenas

84 1271 227 1356 gaudet,
247 1281 280 1333 et
296 1270 401 1333 invito
418 1281 532 1356 grates
551 1268 622 1354 agit
638 1267 718 1331 inde
737 1269 880 1351 parenti.

38 1458 42 1471 Ι
83 1376 216 1440 interea
234 1377 391 1440 volucres
408 1375 530 1462 Pyrois
547 1374 640 1439 Eous
658 1387 690 1437 et
705 1372 857 1446 Aethon,

83 1483 166 1547 solis
183 1483 276 1568 equi,
295 1496 501 1568 quartusque
518 1481 690 1567 Phlegon,
710 1480 895 1545 hinnitibus
914 1502 1016 1546 auras

82 1589 298 1653 flammiferis
315 1589 469 1673 implent,
489 1589 700 1674 pedibusque
718 1589 886 1673 repagula
904 1590 1053 1671 pulsant.
1090 1618 1137 1673 155

82 1717 173 1782 quae
191 1708 370 1781 postquam
387 1695 534 1781 Tethys,
554 1695 698 1759 latorum
717 1695 838 1781 ignara
856 1694 1000 1778 nepotis,

83 1805 246 1888 reppulit,
265 1816 299 1867 et
315 1802 403 1867 sacta
421 1815 471 1865 est
488 1802 644 1866 immensi
663 1803 761 1885 copia
781 1801 911 1872 mundi,

83 1910 280 1994 corripuere
298 1909 402 1981 viam,
423 1908 634 1995 pedibusque
651 1931 713 1993 per
730 1913 808 1972 aera
828 1908 926 1972 motis

82 2017 257 2082 obstantes
274 2016 433 2081 scindunt
451 2017 607 2089 nebulaS,
627 2017 815 2100 pennisque
833 2015 934 2078 levati

82 2135 302 2211 praetereunt
318 2136 408 2188 ortos
424 2125 531 2187 isdem
551 2124 593 2187 de
610 2124 762 2207 partibus
782 2123 904 2189 Euros
1088 2140 1137 2194 160

128 2229 200 2296 Sed
218 2232 293 2294 leve
311 2231 444 2315 pondus
462 2241 545 2303 erat,
566 2252 629 2294 nec
646 2231 736 2316 quod
755 2209 965 2316 cognoscere
982 2242 1122 2313 possent

82 2334 176 2401 Solis
192 2335 285 2422 equi,
304 2336 468 2420 solitaque
483 2335 606 2422 jugum
624 2334 791 2421 gravitate
811 2335 960 2398 carebat.

80 2454 187 2528 utque
204 2442 323 2506 labant
338 2462 463 2506 curvae
476 2441 567 2529 justo
585 2441 657 2505 sine
676 2441 826 2526 pondere
845 2461 963 2516 naves,

80 2568 212 2635 perque
230 2569 323 2613 mare
341 2548 515 2612 instabiles
533 2549 638 2612 nimia
656 2548 791 2612 levitate
809 2548 976 2622 seruntur,

35 2646 44 2721 l
81 2654 134 2719 sic
148 2675 252 2719 onere
270 2667 405 2718 assueto
423 2675 550 2718 vacuus
568 2655 627 2718 dat
642 2654 677 2718 in
696 2660 775 2719 aere
793 2657 913 2730 saltus,
1088 2673 1135 2742 165

45 2754 50 2797 ’·
80 2762 335 2846 succutiturque
352 2762 431 2834 alte,
450 2761 639 2846 similisque
656 2773 707 2826 est
724 2784 843 2826 currus
860 2762 1006 2855 inani-N,

48 2860 174 2991 [qirod
191 2868 292 2932 simul
310 2888 351 2932 ac
368 2889 519 2943 sensere,
539 2880 652 2942 ruunt,
671 2870 854 2955 tritumque
872 2868 1068 2955 relinquunt

80 2974 278 3061 quadrijugi
296 2974 454 3058 spatium,
474 2995 538 3039 nec
555 2997 622 3061 quo
641 2977 746 3060 prius,
766 2976 884 3040 ordine
903 2987 1053 3038 currunt.

79 3080 154 3166 ipse
173 3093 293 3165 pavet3
320 3102 383 3146 nec
399 3102 467 3167 qua
485 3083 685 3147 commissas
701 3083 815 3147 flectat
832 3084 996 3155 habenas,

79 3208 146 3252 nec
163 3189 226 3252 scit
241 3209 309 3275 qua
327 3186 459 3263 either,
479 3211 555 3263 nec,
575 3190 603 3254 si
620 3190 717 3263 sciat,
736 3189 879 3273 imperet
895 3189 972 3252 illis.
1088 3219 1134 3271 170

125 3293 218 3359 Tum
235 3294 383 3379 primum
401 3296 505 3361 radiis
522 3297 628 3382 gelidi
646 3297 783 3361 caluere
800 3297 938 3369 triones,

79 3412 114 3465 et
128 3400 231 3466 vetito
249 3400 371 3467 frustra
388 3414 595 3487 temptarunt
612 3424 758 3488 aequore
775 3402 897 3488 tingui,

79 3528 237 3595 quaeque
253 3510 334 3595 polo
352 3509 461 3593 posita
481 3521 530 3572 est
546 3510 685 3596 glaciali
703 3510 860 3594 proxima
878 3508 1042 3592 Serpens,

34 3659 36 3707 3
79 3613 207 3701 trigore
224 3616 323 3704 pigra
342 3616 448 3700 prius,
468 3637 532 3679 nec
548 3615 771 3680 formidabilis
789 3616 861 3688 ulli,

34 3750 36 3755 ·
67 3718 222 3787 incaluit
237 3722 450 3807 sumpsitque
469 3743 575 3785 novas
594 3722 781 3785 fervoribus
799 3722 878 3785 iras.
1086 3750 1132 3806 ης

77 3848 112 3889 ’.ε
123 3848 258 3908 quoque
273 3828 441 3889 turbatum
461 3842 657 3897 memorant
675 3831 826 3922 fugisse,
843 3829 973 3908 Bobte,
