2444 4134
57 136 123 205 160
434 135 583 203 Skortcr
606 135 740 201 Pocms.
992 145 1078 219 [Fssu
1121 194 1124 199 .

54 335 147 403 Urbs
164 333 324 402 oritur-
335 335 412 421 quis
428 346 509 399 tunc
526 335 592 398 hoc
607 333 669 397 ulli
686 333 826 399 credere
843 327 1032 418 posset?—

98 443 274 510 Victorem
291 441 389 506 terris
406 441 605 526 impositura
623 441 757 524 pedem.

54 550 189 616 Cuncta
206 570 321 638 regas,
341 560 374 612 et
390 548 437 612 sis
454 567 583 633 magno
599 546 663 610 sub
680 544 832 611 Caesare
850 563 1009 629 sempera

99 657 213 743 Saepe
231 657 333 722 etiam
351 653 458 741 pluris
475 651 623 717 nominis
640 651 742 738 hujus
759 652 869 725 habe3
1058 662 1099 717 860

54 763 98 829 Et
114 764 270 851 quotiens
287 762 419 829 steteris
436 760 564 825 domito
582 759 737 824 sublimis
754 758 789 824 in
805 758 902 834 orbe,

101 870 227 935 Omnia
243 871 310 935 sint
327 867 479 933 humeris
497 865 657 931 inferiora
673 865 752 931 tuis·

220 1211 253 1276 3.
279 1190 409 1257 Ritual
428 1199 462 1256 to
486 1200 588 1255 avert
610 1187 738 1276 Bligbt
764 1186 883 1277 (April
909 1188 988 1278 25).

115 1401 181 1467 EX
196 1404 268 1479 ubi,
286 1424 374 1489 quae
391 1415 530 1478 restant,
550 1403 646 1468 luces
662 1401 794 1487 Aprilis
810 1401 965 1477 habebit,

43 1570 46 1576 .
160 1510 201 1573 In
218 1510 331 1574 medio
348 1531 450 1574 cursu
467 1520 622 1594 tempora
639 1510 729 1574 veris
747 1521 859 1582 erunt,

56 1615 100 1681 Et
116 1616 239 1681 srustra
257 1618 423 1701 pecudem
440 1637 586 1702 quaeres
602 1614 870 1680 Athamantidos
888 1614 1026 1692 HelleS,

101 1721 280 1809 Signaque
297 1724 379 1788 dant
394 1722 534 1796 imbres,
553 1723 772 1809 exoriturque
791 1721 911 1788 Canis.

58 1829 137 1894 Hac
154 1829 236 1892 mihi
252 1829 425 1894 Nomento
442 1829 591 1894 Romam
609 1851 687 1893 cum
705 1830 782 1894 luce
798 1829 961 1906 redirem,
1066 1861 1114 1920 905

101 1935 237 2001 Obstitit
252 1936 286 1999 in
305 1937 416 2001 media
435 1937 581 2001 candida
599 1937 698 2001 turba
716 1937 793 2012 via3

57 2042 201 2108 Flamen
219 2042 253 2106 in
271 2043 430 2129 antiquae
447 2044 561 2108 lucum
578 2042 763 2132 Robiginis
780 2043 863 2120 ibat,

102 2149 192 2215 Exta
208 2150 303 2214 canis
319 2150 478 2223 flammis,
498 2162 576 2213 exta
593 2151 733 2216 daturus
750 2150 835 2215 ovis.

57 2257 214 2323 Protinus
231 2258 372 2331 accessi,
391 2258 474 2322 ritus
491 2279 533 2321 ne
550 2258 686 2322 nescius
703 2280 836 2332 essem3

103 2364 217 2429 Edidit
234 2365 320 2429 haec
337 2364 480 2428 Flamen
498 2366 615 2434 verba,
636 2363 795 2447 Qirine,
813 2377 914 2430 tuus:
1069 2399 1121 2453 910

57 2471 197 2557 Aspera
214 2471 364 2558 Robigo,
371 2476 506 2556 porcas
528 2470 723 2536 Cerialibus
739 2473 868 2549 berbii,

101 2578 152 2642 Et
168 2586 295 2642 tremat
311 2581 346 2640 in
363 2600 495 2642 summa
512 2577 586 2641 leve
602 2600 762 2643 cacumen
781 2581 896 2644 humo.

64 2685 99 2750 T
95 2709 116 2748 n
132 2694 209 2749 sata
224 2686 394 2749 sideribus
410 2686 501 2749 caeli
514 2687 650 2749 nutrita
667 2688 812 2751 secundi

108 2792 283 2867 Crescere,
301 2792 484 2877 durufiant
492 2793 648 2874 falcibus
666 2801 764 2880 apta,
783 2796 889 2859 siuas.

70 2897 126 2963 Vis
142 2909 203 2962 tua
221 2920 286 2961 non
305 2899 389 2962 leuis
406 2907 474 2962 est:
502 2920 590 2983 quae
607 2910 645 2964 tu
659 2910 841 2977 frumenta
858 2903 999 2979 notasti,
1069 2936 1101 2992 91
1107 2934 1121 2989 ς

102 3005 258 3069 Maestus
275 3007 311 3067 in
328 3007 460 3068 arnissis
478 3006 540 3069 illa
559 3008 696 3072 colonus
714 3009 826 3074 habet.

56 3110 135 3177 Nec
150 3113 248 3175 venti
260 3120 394 3176 tantum
418 3111 544 3178 Cereri
557 3136 716 3191 nocuere,
738 3138 800 3180 nec
816 3117 954 3193 imbres,

101 3217 180 3284 Nec
194 3220 243 3283 sic
259 3241 452 3283 marmoreo
472 3222 587 3307 pallet
603 3222 727 3286 adusta
739 3224 837 3308 gelu,

56 3324 251 3409 Quantum,
270 3327 304 3388 si
316 3326 444 3390 culmos
471 3327 573 3391 Titan
593 3328 774 3410 incalfacit
791 3331 895 3392 udos:

109 3430 205 3496 Tunc
221 3432 312 3496 locas
329 3442 377 3497 est
394 3436 483 3508 irae,
502 3435 585 3498 droa
603 3435 767 3510 timenda,
786 3444 878 3499 tuae.
1066 3471 1118 3526 920

57 3537 183 3613 Parce,
195 3545 339 3624 precor,
358 3541 568 3625 scabrasque
583 3562 704 3603 azarius
721 3563 743 3603 a
759 3543 919 3607 messibus
935 3547 1055 3625 aufer,

102 3644 204 3711 Neve
221 3668 302 3711 noce
319 3647 440 3711 cultis:
459 3652 563 3732 posse
579 3667 702 3709 nocere
716 3656 771 3711 sat
787 3657 845 3712 est.

56 3748 135 3814 Nec
151 3758 289 3813 teneras
305 3759 445 3838 regetur,
464 3749 526 3813 secl
539 3749 666 3813 durum
682 3752 889 3836 amplectere
900 3754 1056 3832 serrum,

82 3855 399 3948 Quodquepotest
413 3859 504 3926 alios
516 3858 690 3950 perdere,
706 3857 818 3944 perde
832 3857 951 3941 prior.
