2444 4134
107 150 268 223 XV.139.]
290 129 361 197 The
387 130 488 197 Guilt
510 131 584 196 and
610 129 754 216 Cruelty
777 130 825 212 os
839 126 1049 194 Bloodsked.
1099 144 1163 215 139

107 330 189 395 fecit
204 330 268 394 iter
283 328 419 394 sceleri.
467 326 653 414 Primaque
669 348 690 391 e
705 327 811 392 caede
828 325 978 390 ferarum

105 438 292 502 incaluisse
310 448 425 521 putem
442 434 652 499 maculatum
670 433 839 520 sanguine
855 433 995 497 ferrum.

105 545 210 630 idque
225 544 310 607 satis
326 542 455 606 luerat:
480 553 701 627 nostrumque
718 540 868 625 petentia
886 541 991 605 letum

105 639 252 734 corpora
271 650 375 713 missa
392 648 468 712 neci
486 649 581 712 salva
599 648 722 733 pietate
740 646 907 721 fatemur3

104 758 167 821 sed
185 777 290 843 quam
307 756 422 821 danda
439 755 529 829 neci,
547 766 616 819 tam
634 776 702 818 non
721 754 895 838 epulanda
912 754 1060 822 fuerunt.
1112 789 1160 828 110

152 878 160 902 ⁶
178 863 337 949 Longius
354 862 434 926 inde
452 861 549 925 nefas
567 861 660 934 abiit,
680 871 712 924 et
729 860 840 944 prima
857 875 992 947 putatur

104 970 215 1034 hostia
234 991 291 1033 sus
309 969 474 1032 meruisse
491 968 589 1042 mori,
607 968 688 1053 quia
705 967 836 1032 semina
854 971 968 1055 pando

103 1077 232 1140 eruerit
248 1087 370 1150 rostro,
389 1095 555 1160 spemque
572 1074 789 1158 interceperit
806 1078 899 1141 anni.

104 1184 171 1246 vite
190 1204 295 1267 caper
313 1203 425 1246 morsa
443 1180 574 1245 Bacchi
592 1183 796 1248 mactandus
814 1186 857 1249 ad
874 1207 952 1250 aras

103 1291 241 1354 ducitur
256 1289 397 1354 ultorisz
422 1287 536 1352 nocuit
554 1309 616 1352 sua
635 1290 736 1374 culpa
754 1292 898 1357 duobus.
1111 1293 1157 1381 11'5

101 1397 187 1484 quid
205 1395 389 1471 meruistis
408 1416 503 1469 ovea,
524 1396 698 1479 placidum
716 1419 834 1482 pecus,
853 1398 956 1486 inque
973 1401 1117 1466 tuendos

101 1516 223 1568 natum
240 1503 409 1578 homines,
429 1502 532 1587 pleno
547 1524 637 1589 quae
654 1504 746 1570 fertis
763 1505 796 1568 in
814 1507 918 1570 ubere
935 1519 1064 1582 nectar,

101 1611 221 1676 mollia
238 1632 327 1697 quae
344 1609 442 1674 nobis
459 1622 591 1675 vestras
607 1613 779 1676 velamina
797 1614 894 1678 lanas

101 1701 288 1804 praebetis,
307 1718 445 1804 vitaque
463 1718 590 1805 magia,
608 1740 711 1804 quam
731 1733 837 1783 morte
850 1718 999 1807 juvatis?

100 1826 184 1912 quid
202 1847 360 1890 meruere
375 1826 494 1899 boves
514 1826 643 1889 animal
661 1827 733 1890 sine
751 1827 871 1892 fraude
888 1827 1057 1915 dolisque,
1108 1861 1156 1899 120

100 1933 303 2009 innocuum,
322 1933 483 2019 simplex,
502 1944 620 1997 natum
637 1935 782 1998 tolerare
799 1933 955 1998 labores?

100 2040 283 2105 immemor
299 2051 350 2105 est
365 2042 518 2114 demum,
537 2061 602 2104 nec
618 2040 754 2127 frugum
773 2062 913 2104 munere
931 2042 1069 2129 dignus,

100 2148 158 2235 qui
177 2147 285 2234 potuit
301 2148 396 2212 curvi
414 2148 553 2232 dempto
570 2148 671 2211 modo
688 2148 839 2232 pondere
857 2148 959 2212 aratri

99 2256 286 2320 ruricolam
306 2265 456 2319 mactare
474 2276 588 2329 suum,
605 2255 664 2339 qui
682 2255 758 2318 trita
776 2255 891 2319 labore

98 2362 174 2439 illa,
193 2362 316 2449 quibus
333 2362 456 2426 totiens
474 2362 597 2425 durum
617 2372 842 2424 renovaverat
858 2382 991 2438 arvum,
1106 2395 1152 2451 ¹25

98 2469 302 2534 condiderat
319 2490 461 2543 messes,
483 2467 650 2552 percussit
665 2469 755 2532 colla
773 2468 895 2532 securi.

147 2575 250 2641 ‘Nec
264 2576 348 2641 satis
362 2587 426 2651 est,
445 2576 536 2661 quod
553 2575 621 2640 tale
637 2575 734 2638 nefas
751 2575 989 2640 committitur:
1016 2577 1108 2662 ipsos

97 2683 305 2769 inscripsere
322 2684 405 2748 deos
422 2681 556 2757 sceleri,
576 2703 772 2768 numenque
790 2704 975 2766 supernum

97 2792 208 2856 caede
224 2790 396 2855 laboriferi
412 2791 556 2854 credunt
572 2790 725 2877 gaudere
740 2789 890 2876 juvenci.

96 2898 238 2962 victima
255 2899 333 2962 labe
350 2919 471 2963 carens
490 2909 522 2962 et
538 2896 831 2983 praestantissima
849 2895 957 2960 forma
970 2936 1014 2947 —-
1105 2932 1152 2984 ¹30

96 3027 181 3069 narn
198 3005 370 3091 placuisse
386 3016 487 3070 nocet
498 3006 643 3070 -vittis
660 3003 853 3090 praesignis
869 3015 902 3067 et
918 3025 1002 3069 auro

96 3113 227 3176 sistitur
241 3125 321 3177 ante
337 3107 432 3187 aras,¹
449 3113 608 3199 auditque
625 3113 748 3199 ignara
766 3121 977 3196 precantem,

95 3218 297 3306 imponique
314 3242 396 3285 suae
413 3222 505 3285 videt
522 3222 606 3285 inter
623 3242 751 3286 cornua
770 3218 870 3284 sronti

96 3347 185 3412 quas
202 3327 317 3402 coluit,
335 3328 466 3416 fruges,
485 3351 717 3417 percussaque
734 3328 906 3416 sanguine
924 3327 1050 3392 cultros

97 3433 206 3497 inficit
221 3433 256 3497 in
273 3435 402 3521 liquida
420 3437 595 3521 praevisos
612 3436 752 3502 forsitan
770 3438 875 3502 unda.
1103 3468 1148 3519 135

97 3541 252 3626 protinus
266 3554 402 3626 ereptas
419 3543 543 3607 viventi
561 3555 697 3629 pectore
714 3546 818 3611 fibras

86 3645 283 3723 inspiciunt,
302 3660 509 3736 mentesque
526 3652 632 3721 deum
652 3668 851 3725 scrutantur
865 3654 1004 3725 inillis.

72 3743 292 3856 unde-fames
307 3752 446 3820 bomini
465 3762 663 3838 vetitorum
679 3781 787 3840 tanta
805 3772 974 3842 c'loorum
987 3766 1061 3838 esti

52 3843 190 3906 ‘ludens
207 3854 316 3930 Vesci,
334 3880 464 3944 genus
485 3871 521 3939 Ο
542 3886 736 3956 mortale?
765 3887 875 3982 quoti
896 3887 1006 3975 lomi
