2444 4134
114 145 180 213 180
488 148 638 217 Skorter
661 148 797 215 Poems.
1026 163 1163 236 [Tarsus

111 341 158 407 At
174 344 257 408 mibi
271 345 342 433 jam
362 369 468 432 puero
484 347 646 412 caelestia
662 367 761 410 sacra
779 344 976 430 placebant,

155 449 264 536 Inque
281 474 379 516 suum
399 454 511 516 furtim
530 452 635 517 Musa
651 452 809 517 trahebat
825 472 924 534 opus.

110 555 225 642 Saepe
242 571 338 643 pater
354 559 440 622 dixit
457 572 467 599 ⁶
484 558 643 623 Studium
661 557 742 643 quid
760 557 878 621 inutile
895 558 1068 645 temptas?

155 662 359 728 Maeonides
377 666 489 729 nullas
507 667 578 749 ipse
597 664 733 748 reliquit
749 663 859 748 opes.⁵

110 768 226 834 Motus
244 791 338 834 eram
355 772 467 845 dictis,
486 783 623 856 totoque
643 769 812 834 Helicone
831 771 950 838 relicto

155 874 314 940 Scribere
332 878 482 941 conabar
497 878 603 940 verba
619 877 730 940 soluta
749 879 871 943 modis.

109 980 240 1065 Sponte
257 1004 319 1046 sua
337 1003 476 1046 carmen
494 1003 654 1046 numeros
673 982 833 1050 veniebat
850 988 895 1051 ad
912 997 1025 1073 aptos,

153 1083 198 1147 Et
213 1085 304 1169 quod
322 1086 530 1169 temptabam
546 1084 674 1159 dicere,
697 1109 815 1152 versus
833 1099 917 1154 erat.

110 1189 245 1254 Interea
260 1189 362 1255 tacito
379 1212 483 1275 passu
501 1191 693 1257 labentibus
712 1196 812 1260 annis

154 1295 312 1360 Liberior
329 1296 422 1359 fratri
440 1309 574 1381 sumpta
593 1300 745 1386 mihique
763 1313 844 1389 toga
862 1313 925 1378 est,

109 1401 333 1490 Induiturque
351 1403 502 1468 humeris
519 1424 597 1468 cum
615 1407 683 1470 tato
700 1429 850 1492 purpura
868 1409 979 1486 clavo,

153 1511 198 1575 Et
214 1510 362 1575 studium
381 1509 478 1575 nobis
494 1512 586 1596 quod
603 1511 664 1577 fuit
682 1525 771 1588 ante,
792 1527 916 1580 manet.

103 1618 253 1705 Jamque
270 1618 390 1682 decem
409 1617 498 1681 vitae
516 1619 618 1682 frater
637 1621 874 1706 geminaverat
891 1643 1011 1701 annos,

153 1724 243 1789 Cum
262 1723 360 1808 perit,
380 1736 413 1787 et
430 1727 527 1809 coepi
545 1738 640 1810 parte
658 1747 775 1792 carere
794 1729 871 1792 mei.

110 1831 276 1917 Cepimus
293 1844 325 1896 et
342 1844 479 1896 tenerae
497 1833 624 1917 primos
642 1835 760 1899 aetatis
778 1836 938 1912 honores,

155 1940 278 2027 Deque
295 1939 376 2004 viris
392 1940 564 2026 quondam
584 1963 663 2026 pars
680 1942 785 2006 tribus
801 1964 870 2006 una
887 1943 947 2008 sui.

110 2046 217 2114 Curia
233 2049 403 2121 restabat3
429 2048 517 2111 clavi
536 2069 695 2112 mensura
712 2062 831 2113 coacta
847 2061 919 2116 est:

154 2154 272 2243 Majus
290 2167 362 2220 erat
378 2155 499 2219 nostris
516 2155 643 2218 viribus
661 2156 744 2218 illud
761 2178 859 2220 onus.

109 2261 187 2327 Nec
204 2262 337 2347 patiens
355 2283 491 2346 corpus,
511 2283 576 2326 nec
593 2283 688 2325 mens
706 2262 768 2325 suit
785 2275 864 2347 apta
881 2262 1004 2341 labori,

159 2355 400 2455 sollicitaeque
418 2368 525 2455 fugax
543 2368 735 2433 ambitionis
753 2390 858 2433 eram.

110 2475 154 2543 Et
170 2490 286 2562 petere
304 2475 439 2541 Aoniae
456 2476 646 2539 suadebant
662 2487 733 2538 tuta
749 2497 883 2542 sorores

88 2654 91 2659 ,
156 2584 250 2660 Otia,
264 2584 395 2671 judicio
412 2604 548 2666 semper
565 2596 677 2646 amata
696 2604 782 2646 me0.

110 2691 294 2777 Temporis
311 2692 402 2756 illius
419 2691 507 2754 colui
525 2688 660 2775 fovique
678 2693 809 2772 poetas,

158 2800 320 2887 Qotque
338 2800 480 2864 aderant
497 2809 604 2870 vates,
623 2796 721 2858 rebar
738 2797 859 2861 adesse
876 2797 971 2863 deos.

111 2907 226 2993 Saepe
243 2929 324 2973 suas
344 2904 503 2971 Volucres
514 2903 598 2990 legit
616 2902 698 2965 mihi
716 2903 879 2989 grandior
897 2925 994 2980 aev0‚

158 3013 328 3101 Quaeque
345 3025 443 3079 necet
459 3033 614 3096 serpens,
634 3030 722 3094 quae
737 3008 832 3095 juvet
851 3011 969 3085 herba,
989 3010 1123 3078 Macer.

111 3120 226 3208 Saepe
243 3144 323 3187 suos
340 3121 457 3186 solitus
474 3120 616 3185 recitare
633 3116 830 3201 Propertius
847 3117 959 3204 ignes,
1129 3151 1163 3207 45

152 3231 236 3316 Jure
253 3229 416 3295 sodalicio
432 3227 490 3313 qui
509 3226 590 3290 mihi
604 3226 742 3313 junctus
762 3235 845 3288 erat.

110 3335 275 3403 Ponticus
292 3337 409 3409 heroii,
428 3334 557 3399 Bassus
574 3357 709 3420 quoque
729 3335 843 3399 clarus
860 3331 984 3399 iambis

158 3445 283 3509 Dulcia
300 3442 475 3507 convietus
493 3442 646 3504 membra
663 3441 758 3506 suere
777 3443 855 3506 mei.

112 3552 156 3618 Et
172 3551 278 3616 tenuit
295 3561 426 3613 nostras
442 3568 645 3611 numerosus
665 3547 825 3615 Horatius
843 3571 956 3626 aureS,

157 3660 248 3723 Dum
266 3655 343 3720 ferit
357 3652 514 3719 Ausonia
531 3652 685 3716 carmina
702 3656 792 3720 culta
810 3657 898 3742 lyra.

111 3763 303 3852 Vergiiium
317 3760 384 3827 vidi
400 3770 550 3832 tantum;
576 3779 640 3822 nec
656 3778 775 3824 amara
791 3762 931 3829 Tibullo

139 3869 299 3959 Tempus
317 3869 498 3936 amicitiae
515 3867 588 3934 sata
604 3866 736 3933 dedere
751 3888 869 3932 meae.
