2444 4134
132 183 174 250 32
370 187 423 232 111.
465 166 536 233 Tlee
559 169 663 257 Rape
687 170 734 254 of
747 168 910 255 Europa.
1041 185 1178 258 [Merui.

131 363 281 428 induitur
298 363 420 428 faciem
438 364 545 438 tauri3
570 365 763 451 mixtusque
776 365 932 453 juvencis
1132 385 1178 450 850

132 470 251 556 mugit,
271 480 304 533 et
320 469 354 532 in
372 471 496 534 teneris
514 470 682 535 formosus
699 472 897 535 obambulat
915 473 1041 537 herbis.

64 638 67 643 .
94 608 97 613 ·
129 577 256 662 quippe
274 577 366 640 color
383 576 470 641 nivis
487 588 550 651 est,
569 599 672 663 quam
691 599 756 642 nec
773 577 917 664 vestigia
934 579 1011 642 duri

130 665 307 747 calcavere
324 682 434 767 pedu,
455 704 518 747 nec
535 684 634 748 solvit
652 685 828 770 aquaticus
846 696 979 758 auster;

129 791 217 854 colla
234 789 314 854 toris
331 800 468 864 extant3
495 790 598 854 armis
616 790 768 875 palearia
785 792 955 876 pendent3

129 917 258 960 cornua
274 916 381 981 parva
396 897 550 982 quidem,
569 897 629 960 sed
647 918 736 982 quae
754 899 959 962 contendere
977 898 1089 983 possis
1130 917 1176 985 855

129 1002 218 1066 sacta
236 1024 353 1076 manu,
372 1024 525 1089 puraque
544 1003 657 1090 magis
673 1004 851 1088 perlucida
869 1026 1020 1091 gemma.

128 1110 243 1174 nullae
260 1109 295 1174 in
311 1109 419 1174 fronte
438 1111 563 1185 minae,
584 1131 649 1174 nec
666 1110 881 1175 formidabile
898 1112 1035 1177 lumen:

129 1237 249 1301 pacem
266 1217 379 1283 vultus
396 1218 511 1282 habet.
560 1215 708 1280 Miratur
725 1215 888 1304 Agenore
907 1229 999 1293 nata,

127 1323 218 1408 quod
235 1334 304 1386 tam
323 1324 504 1398 formosus,
522 1324 613 1409 quod
633 1323 762 1408 proelia
780 1325 873 1386 nulla
893 1324 1050 1388 minetur.

128 1430 189 1493 sed
206 1430 362 1515 quamvis
380 1430 509 1506 mitem,
529 1430 645 1494 metuit
663 1429 862 1516 contingere
881 1431 1012 1514 primo:
1128 1447 1176 1503 360

128 1557 209 1600 mox
225 1537 307 1611 adit,
326 1547 359 1600 et
374 1536 476 1601 flores
493 1537 535 1600 ad
553 1536 701 1601 candida
719 1536 862 1622 porrigit
878 1557 950 1601 ora.

172 1640 208 1706 N
211 1664 276 1706 unc
293 1643 381 1707 latus
397 1642 432 1706 in
450 1643 550 1708 fulvis
568 1643 705 1707 niveum
724 1644 863 1727 deponit
880 1644 1013 1710 arenis:
1128 1660 1175 1731 865

128 1749 359 1836 paulatimque
378 1760 468 1814 metu
486 1751 635 1834 dempto,
655 1739 756 1814 modo
775 1763 912 1836 pectora
929 1751 1072 1836 praebet

128 1856 281 1942 virginea
298 1857 473 1942 palpanda
490 1877 606 1931 manu,
627 1858 727 1922 modo
746 1879 874 1922 cornua
891 1858 989 1922 sertis

126 1962 345 2046 impedienda
361 1964 470 2027 novis.
521 1962 617 2027 Ausa
636 1975 686 2028 est
702 1985 837 2050 quoque
855 1963 952 2050 regia
971 1963 1082 2051 virg0‚

126 2068 241 2133 nescia
258 2091 359 2155 quern
378 2082 559 2154 premeret,
578 2081 675 2156 tergo
694 2072 871 2135 considere
889 2070 996 2134 tauri:

125 2197 203 2240 cum
221 2177 305 2240 deus
322 2197 342 2240 a
359 2187 448 2240 terra
465 2176 624 2262 siccoque
643 2198 662 2240 a
680 2177 776 2241 litore
794 2177 920 2241 sensim
1126 2195 1176 2262 870

125 2283 211 2347 salsa
228 2284 355 2368 pedum
372 2283 491 2368 primis
506 2284 652 2371 vestigia
670 2285 764 2369 ponit
781 2285 815 2347 in
833 2284 948 2359 undis,
1009 2345 1012 2351 ,

124 2390 203 2454 inde
221 2390 291 2454 abit
306 2390 459 2465 ulteriu8‚
479 2391 650 2477 mediique
667 2413 729 2476 per
746 2413 895 2478 aequora
913 2392 1006 2477 ponti

124 2492 187 2556 sert
203 2493 381 2577 praedam.
431 2490 538 2556 Pavet
554 2493 652 2568 haec,
673 2494 817 2580 litusque
836 2496 949 2559 ablata
967 2495 1124 2572 relictum

123 2598 270 2683 respicit,
287 2609 320 2663 et
335 2600 454 2663 dextra
472 2620 613 2664 cornum
631 2612 735 2674 tenet,
755 2603 860 2665 altera
879 2603 980 2666 dorso

122 2704 281 2790 imposita
298 2716 368 2770 est:
394 2707 559 2770 tremulae
576 2705 754 2771 sinuantur
770 2707 910 2772 fiamine
928 2721 1050 2772 vestes.
1125 2729 1173 2797 875
