2444 4134
106 40 264 80 χχ

99 119 145 205 70
269 78 304 85 -
333 118 404 186 The
426 119 700 186 Enchantments
722 124 769 205 of
782 119 922 185 Medea.
1007 139 1153 209 [Mam.

99 316 225 383 obstitit
250 316 388 402 incepto
416 318 545 403 pudor;
574 329 608 382 at
624 319 807 403 complexa
823 317 959 394 suisses,
1109 348 1153 404 ¹45

99 425 161 490 sed
178 436 223 499 te,
242 445 286 489 ne
303 426 446 499 iaceres,
465 426 572 489 tenuit
588 426 778 490 reverentia
796 425 922 489 famae.

100 532 191 617 qood
208 531 298 604 licet,
318 532 452 596 adfectu
469 533 569 596 tacito
586 532 735 606 laetaris,
755 532 899 619 agisque

100 638 308 703 carminibus
325 651 440 725 grates
456 651 491 703 et
507 639 559 703 dis
577 639 772 703 auctoribus
789 638 923 702 horum.

145 743 353 832 Pervigilem
370 759 525 830 superest
543 746 657 809 herbis
674 745 786 829 sopire
803 745 1003 821 draconem,

75 852 157 938 &qui
173 852 274 916 crista
292 851 489 938 linguisque
506 852 612 916 tribus
632 851 826 938 praesignis
843 864 876 917 et
891 853 989 918 uncis
1105 882 1152 939 ¹50

99 958 258 1023 dentibus
274 958 465 1022 horrendus
483 969 596 1022 custos
614 969 687 1022 erat
703 956 818 1024 arietis
835 960 941 1026 aurei.

99 1066 192 1129 hunc
207 1075 387 1151 postquam
406 1064 529 1149 sparsit
547 1063 693 1128 Lethaei
712 1065 868 1151 gramine
884 1064 971 1140 suci,

97 1173 269 1258 verbaque
286 1184 336 1236 ter
353 1171 438 1236 dixit
455 1172 610 1256 placidos
629 1171 788 1236 facientia
804 1194 954 1247 somnos,

97 1299 186 1365 quae
203 1299 298 1343 mare
314 1278 499 1351 turbatum,
517 1299 606 1364 quae
623 1279 756 1343 concita
773 1278 915 1343 flumina
931 1280 1074 1359 sistunt:

97 1406 238 1451 somnus
255 1385 289 1449 in
307 1385 442 1472 ignotos
459 1387 578 1450 oculos
596 1385 657 1450 sibi
676 1387 780 1460 venit,
800 1398 833 1451 et
849 1408 934 1450 auro
1104 1417 1149 1473 ¹55

97 1493 198 1558 heros
214 1492 387 1557 Aesonius
404 1492 550 1577 potitur3
576 1495 755 1580 spolioque
772 1495 953 1579 superbus,

97 1600 247 1664 muneris
264 1611 436 1663 auctorem
456 1620 587 1673 secum,
606 1600 714 1685 spolia
732 1601 852 1674 altera,
871 1613 1025 1685 portam,

94 1706 202 1771 victor
220 1705 386 1770 lblciacos
403 1706 513 1793 tetigit
529 1727 607 1782 cum
626 1707 773 1794 conjuge
791 1722 918 1792 portus.

142 1811 358 1876 Haemoniae
376 1825 501 1877 matres
517 1834 579 1897 pro
595 1814 709 1900 gnatis
726 1813 816 1878 dona
833 1814 978 1899 receptis

95 1919 354 2006 grandaevique
370 1920 482 1983 serunt
499 1931 626 2004 patres,
645 1935 878 2006 congestaque
894 1919 1036 1984 flamma
1099 1938 1147 1992 160

94 2040 169 2091 tura
187 2025 421 2114 liquefaciunt,
441 2026 647 2113 inductaque
665 2027 825 2091 cornibus
842 2048 963 2091 aurum

93 2135 231 2200 victima
249 2148 326 2200 vota
344 2133 447 2199 cadit.
496 2132 566 2198 Sed
584 2134 680 2197 abest
696 2133 911 2220 gratantibus
927 2131 1060 2210 Aeson,

90 2241 161 2329 jam
179 2243 318 2328 propior
334 2242 413 2314 leto,
432 2241 609 2326 fessusque
627 2240 790 2305 senilibus
807 2241 918 2304 annis.

93 2370 171 2413 cum
189 2350 238 2415 sic
255 2347 469 2413 Aesonides:
498 2346 554 2410 ‘O
571 2346 624 2410 cui
642 2347 767 2410 debere
785 2347 929 2410 salutem

93 2457 268 2531 confiteor,
287 2459 451 2543 conjunx,
469 2474 677 2540 quamquam
695 2452 777 2536 mihi
795 2465 916 2517 cuncta
934 2453 1070 2526 dedisti,
1096 2470 1143 2540 165

92 2564 305 2650 excessitque
322 2564 424 2627 fidem
445 2560 639 2625 meritorum
657 2580 791 2624 summa
809 2572 964 2624 tuorum:

92 2669 119 2732 si
136 2683 250 2734 tamen
263 2670 328 2734 hoc
344 2681 484 2754 possunt
501 2667 601 2753 (quid
614 2666 706 2730 enim
720 2687 788 2730 non
801 2666 954 2729 carmina
968 2666 1141 2751 possinti)

92 2776 191 2840 deme
210 2776 296 2840 meis
312 2777 425 2850 annis,
444 2787 476 2840 et
493 2776 649 2858 demptos
666 2773 755 2837 adde
773 2772 904 2856 parenti
918 2772 947 2833 :'

91 2904 156 2947 nec
172 2883 278 2947 tenuit
294 2883 466 2948 lacrimas.
516 2880 614 2945 Mota
632 2890 683 2944 est
700 2879 823 2964 pietate
840 2879 1005 2965 rogantis,

90 2989 359 3077 dissimilemque
376 2990 528 3053 animum
545 2988 647 3053 subiit
662 2985 774 3050 Aeeta
790 2985 939 3050 relictus.
1094 3016 1145 3069 170

136 3093 213 3160 Nec
229 3108 343 3160 tamen
360 3095 502 3160 affectus
518 3096 603 3159 tales
620 3093 791 3167 confessa,
811 3091 961 3176 ‘Quod'
977 3093 1086 3179 inquit

92 3202 242 3267 ‘excidit
257 3225 316 3267 ore
332 3202 400 3287 pio,
420 3203 584 3289 conjunx,
603 3199 738 3266 scelus?
762 3221 847 3286 ergo
864 3220 930 3285 ego
947 3200 1109 3286 cuiquam

91 3330 191 3394 posse
207 3321 286 3373 tuae
301 3309 418 3374 videor
435 3307 580 3393 spatium
598 3307 825 3372 transcribere
842 3304 955 3371 vitae?

90 3436 155 3480 nec
171 3416 260 3480 sinat
276 3416 341 3480 hoc
359 3413 505 3488 Hecate,
522 3434 587 3478 nec
602 3425 637 3477 tu
655 3413 740 3499 petis
757 3434 877 3499 aequa.
927 3411 1000 3479 Sed
1016 3412 1094 3489 isto,

90 3523 182 3608 quod
198 3523 298 3608 petis,
316 3521 475 3607 experiar
493 3520 601 3608 majus
618 3521 700 3585 dare
717 3540 856 3595 munus,
876 3519 991 3586 Iason.
1093 3551 1142 3608 175

81 3639 159 3689 arte
172 3624 251 3690 mea
267 3627 380 3692 soceri
394 3626 540 3715 longum
557 3625 801 3712 temptabimus
820 3645 959 3700 aevum,

49 3745 128 3788 non
143 3731 252 3796 annis
265 3755 441 3803 revocare
457 3735 547 3804 tuis:
576 3735 686 3803 modo
702 3732 787 3801 diva
800 3729 970 3794 trilorrms

44 3829 188 3910 'aylam
212 3852 254 3906 et
261 3862 453 3927 praesens
472 3846 686 3917 intentibus
703 3843 847 3910 adnuat
863 3829 981 3898 ausis'
