2444 4134
68 148 193 220 v.661.]
217 151 219 155 ’
346 133 577 221 Triptolemus
601 134 675 197 and
694 133 847 219 Lyncus.
1080 153 1125 223 59

68 351 124 394 ros
140 328 255 403 cadit;
281 339 314 393 et
328 329 425 394 citius
442 351 546 416 quam
563 352 655 394 nunc
671 330 730 394 tibi
747 331 836 395 facta
853 353 1006 406 renarro,
1072 349 1123 417 635

69 436 103 500 in
120 436 240 500 latices
257 447 381 499 mutor.
431 435 502 501 Sed
519 437 610 501 enim
627 437 805 523 cognoscit
821 450 952 503 amatas

69 542 181 607 amnis
198 563 321 628 aquas,
340 542 517 629 positoque
534 544 598 606 viri
615 544 707 629 quod
725 558 917 628 sumpserat
933 566 1005 620 ore,

68 650 209 713 vertitur
225 651 260 712 in
277 648 446 733 proprias,
465 661 501 712 ut
518 671 554 713 se
572 649 655 712 mihi
676 649 828 725 misceat,
847 652 971 715 undas.

70 755 173 820 Delia
189 755 280 840 rupit
296 757 452 828 humum,
472 755 652 841 caecisque
670 776 736 842 ego
755 778 865 820 mersa
883 758 1041 823 cavernis

70 863 224 927 advehor
240 861 436 949 Ortygiam,
456 881 545 947 quae
564 881 618 925 me
635 863 840 949 cognomine
857 864 956 928 divae
1071 881 1124 946 640

68 980 170 1056 grata
188 989 287 1032 meae
304 989 446 1052 superas
462 967 581 1031 eduxit
597 967 708 1051 prima
725 969 788 1033 sub
807 970 933 1034 auras.’

116 1075 197 1140 Hac
214 1074 388 1139 Arethusa
404 1085 517 1138 tenus.
567 1072 733 1138 Geminos
750 1075 815 1138 dea
833 1075 951 1140 fertilis
967 1097 1100 1164 angues

70 1185 227 1248 curribus
243 1184 406 1258 admovit,
424 1182 595 1269 frenisque
612 1182 761 1247 coercuit
777 1204 850 1255 ora,

70 1305 103 1356 et
120 1291 269 1356 medium
288 1290 375 1354 caeli
391 1304 570 1375 terraeque
586 1310 648 1374 per
665 1294 745 1352 aera
763 1302 859 1353 vecta
877 1302 940 1361 est,

70 1410 173 1483 atque
190 1399 301 1462 levem
318 1418 455 1461 currum
471 1395 651 1461 Tritonida
669 1395 760 1459 misit
777 1395 810 1458 in
827 1397 946 1460 urbem
1069 1415 1121 1483 645

69 1505 304 1590 Triptolem0;
331 1504 520 1589 partimque
536 1503 611 1567 rudi
628 1502 707 1567 data
726 1502 858 1566 semina
871 1502 972 1591 jussit

69 1632 235 1698 spargere
252 1613 369 1685 humo,
388 1611 509 1695 partim
528 1623 604 1695 post
619 1621 773 1694 tempora
791 1609 895 1695 longa
913 1612 1077 1675 recultae.

66 1719 138 1807 jam
156 1740 259 1803 super
275 1717 435 1802 Europen
453 1717 608 1781 sublimis
625 1730 658 1781 et
674 1715 784 1780 Asida
802 1729 926 1779 terram

68 1838 188 1890 vectus
205 1838 276 1888 erat
288 1825 444 1911 juvenis3
471 1823 653 1909 Scythicas
670 1823 856 1887 advertitur
872 1844 962 1886 oras.

68 1955 130 1997 rex
148 1933 192 1995 ibi
211 1931 354 2018 Lyncus
370 1943 453 1994 erat.
503 1930 614 2018 Regis
631 1930 720 1994 subit
736 1931 793 1993 ille
811 1943 973 2014 penates3
1068 1948 1120 2016 650

68 2062 137 2126 qua
154 2039 280 2112 veniat,
299 2059 507 2123 causamque
525 2037 600 2101 viae
617 2057 811 2122 nomenque
829 2048 968 2123 rogatus

67 2157 101 2210 et
118 2146 275 2230 patriam,
296 2144 433 2208 ‘Patria
451 2155 502 2208 est
518 2145 631 2208 clarae
650 2143 752 2206 mihi’
770 2142 855 2208 dixit
873 2155 881 2182 ⁶
896 2141 1077 2216 Athenae3

67 2253 302 2337 Triptolemus
319 2272 457 2315 nomen.
505 2247 595 2314 Veni
613 2271 678 2314 nec
695 2271 809 2334 puppe
827 2272 887 2335 per
903 2250 1028 2322 undm,

66 2381 134 2424 nec
152 2359 237 2444 pede
255 2380 315 2442 per
331 2369 459 2422 terras:
483 2358 591 2443 patuit
607 2357 689 2420 mihi
708 2357 845 2441 pervius
862 2357 991 2421 aether.

67 2468 159 2530 dona
177 2466 248 2529 fero
266 2463 417 2536 Cereris,
435 2464 520 2528 latos
536 2484 626 2548 quae
644 2484 762 2547 sparsa
781 2484 842 2547 per
860 2485 963 2550 agros
1066 2481 1118 2549 655

67 2572 251 2659 frugiferas
269 2592 397 2635 messes
414 2571 643 2657 alimentaque
661 2569 753 2633 mitia
771 2571 939 2635 reddant!

67 2680 234 2744 barbarus
251 2678 389 2750 invidit3
415 2677 566 2763 tantique
583 2688 620 2741 ut
636 2677 787 2741 muneris
806 2692 923 2743 auctor

67 2787 141 2871 ipse
158 2785 212 2858 sit,
233 2783 377 2868 hospitio
394 2783 525 2868 recipit,
545 2805 732 2870 somnoque
751 2799 932 2871 gravatum
1024 2834 1027 2843 .

67 2891 266 2978 adgreditur
283 2892 383 2954 ferro.
433 2889 624 2954 Conantem
641 2892 749 2978 figere
767 2904 885 2976 pectus

65 3000 169 3085 lynca
187 2997 294 3062 Ceres
311 2997 402 3070 fecit,
421 3018 603 3083 rursusque
622 3020 682 3082 per
699 3004 779 3062 aera
793 2999 893 3086 jussit
1066 3019 1117 3072 660

64 3103 289 3190 Mopsopium
302 3104 464 3192 juvenem
481 3124 597 3169 sacros
614 3106 746 3191 agitare
759 3104 911 3193 jugales.
