2444 4134
64 118 108 185 30
259 120 297 166 11.
339 100 373 167 T
367 102 410 166 he
432 99 637 167 Adventare
660 106 706 187 of
721 99 914 167 Phaethon.
970 118 1119 190 [Meum

62 300 182 374 credit,
202 310 237 364 ut
253 299 377 386 injuste
394 299 488 364 missi
507 321 637 364 memor
654 300 744 386 ignis
762 300 805 364 ab
822 299 901 365 illo:

63 421 185 493 stagna
203 408 285 491 petit
303 407 503 492 patulosque
521 407 629 480 lacae,
650 407 835 492 ignemque
854 429 1011 490 perosus

62 534 150 598 quae
167 515 268 586 colat,
288 513 392 598 elegit
409 514 577 577 contraria
594 512 736 575 flumina
751 512 911 577 flammis.
1065 533 1115 598 380

108 619 295 705 Squalidus
313 619 441 682 interea
459 621 592 706 genitor
609 618 845 693 Phaethontis,
865 633 898 683 et
913 642 1040 704 expers

61 727 134 810 ipse
152 727 202 789 sui
220 726 366 799 decoris
385 727 496 811 qualis
514 748 591 788 cum
609 726 723 789 delicit
739 727 856 790 orbem

61 854 135 896 esse
153 833 251 906 solet,
269 834 449 917 lucemque
466 833 536 896 odit
552 854 656 916 seque
673 832 746 916 ipse
764 834 937 918 diemque,

61 938 185 1023 datque
204 940 355 1000 animum
373 939 406 1000 in
425 939 547 1012 luctuS,
567 951 599 1001 et
616 939 761 1002 luctibus
779 938 881 1003 adicit
897 939 997 1016 iram,

60 1044 277 1129 officiumque
295 1056 398 1130 negat
416 1045 556 1108 mundo.
608 1057 616 1083 ⁶
631 1043 740 1108 Satis’
758 1045 865 1131 inquit
882 1047 945 1110 ‘ab
963 1047 1041 1111 aevi
1062 1064 1109 1133 385

61 1174 133 1215 sors
151 1173 226 1214 mea
245 1152 419 1235 principiis
438 1151 499 1214 suit
516 1151 717 1236 inrequieta,
739 1153 900 1238 pigetque

61 1272 212 1322 actorum
231 1258 303 1320 sine
322 1259 388 1320 line
408 1258 502 1332 milri,
523 1259 595 1321 sine
614 1260 742 1322 honore
760 1259 927 1324 laborum.

59 1365 200 1451 quilibet
218 1365 300 1427 ulter
318 1377 400 1450 agat
417 1378 588 1448 portantes
606 1366 735 1428 lumina
754 1386 893 1429 currus:

59 1474 86 1536 si
105 1494 206 1535 nemo
224 1485 286 1544 est,
306 1493 492 1556 omnesque
510 1472 564 1534 dei
584 1494 650 1535 non
670 1493 768 1554 posse
787 1472 944 1547 fatentur,

59 1580 131 1662 ipse
150 1591 251 1664 agut3
278 1591 313 1640 ut
330 1580 463 1651 saltem,
483 1579 563 1640 dum
583 1591 714 1642 nostras
732 1589 872 1662 temptat
889 1580 1057 1658 habenas

58 1686 216 1750 orbatura
234 1701 347 1769 patres
366 1685 549 1770 aliquando
567 1685 710 1747 fulmina
728 1700 843 1770 ponat.

57 1806 127 1856 tum
146 1793 241 1865 sciet,
260 1792 461 1877 ignipedum
480 1793 567 1856 vires
587 1806 745 1875 expertus
764 1814 941 1877 equorum,

58 1923 125 1964 non
145 1902 307 1963 meruisse
326 1921 459 1973 necem,
479 1900 535 1984 qui
554 1922 621 1964 non
640 1902 727 1963 bene
745 1903 869 1964 rexerit
885 1900 985 1965 illos-⁹

102 2007 203 2070 Talia
222 2007 389 2070 dicentem
409 2008 628 2070 circumstant
645 2008 760 2070 omniu
779 2007 895 2072 Solem

57 2112 211 2187 numina,
231 2135 317 2175 neve
336 2113 414 2175 velit
432 2113 589 2175 tenebras
608 2112 770 2175 inducere
789 2114 902 2188 rebuS,
1058 2146 1107 2204 395

56 2221 210 2304 supplice
229 2241 312 2284 voce
330 2233 474 2306 rogant;
502 2219 622 2283 missos
640 2241 775 2306 quoque
788 2220 945 2305 Juppiter
961 2220 1062 2309 ignes

56 2341 209 2402 excusat,
228 2330 454 2414 precibusque
473 2330 583 2393 minas
601 2328 761 2416 regaliter
779 2329 881 2393 addit.

56 2436 185 2522 colligit
202 2449 354 2500 amentes
372 2450 404 2500 et
421 2437 535 2502 adhuc
552 2450 678 2501 terrore
697 2450 872 2521 paventes,

55 2542 216 2607 Phoebus
234 2566 352 2629 equos
373 2544 575 2630 stimuloque
593 2546 737 2608 domans
754 2559 786 2609 et
804 2545 944 2610 verbere
962 2547 1094 2612 caedit:

54 2651 162 2715 saevit
178 2650 282 2722 enim,
302 2663 486 2735 natumque
505 2652 651 2738 objectat
668 2666 700 2716 et
716 2652 859 2737 imputat
876 2653 954 2718 illis.
1054 2687 1107 2738 400
