2444 4134
83 162 219 233 11.377.]
391 144 463 210 The
484 145 674 211 Heliades:
705 144 851 232 Cycnum
1097 163 1141 234 29

79 345 162 408 illae
182 365 277 407 more
295 365 369 417 suo,
389 364 468 406 nam
488 364 616 407 morem
635 341 763 406 fecerat
779 365 874 419 uem,
1087 375 1137 430 345

81 453 289 538 plangorem
307 451 492 513 dederant:
519 451 630 534 equis
647 447 858 526 Phaethusa,
877 471 1030 516 sororum

81 559 249 632 maxima,
270 577 347 620 cum
366 557 468 619 vellet
484 568 573 619 terra
591 555 829 639 procumbere,
848 571 968 642 questa
986 571 1037 623 est

80 665 275 750 deriguisse
292 666 418 749 pedes3
445 663 488 726 ad
506 683 611 748 quam
629 675 751 726 conata
768 663 884 727 venire

79 773 230 837 candida
248 770 441 856 Lampetie,
461 770 572 833 subita
590 769 704 833 radice
722 782 851 833 retenta
868 782 939 845 est;

79 881 191 954 tertia,
212 901 290 943 curn
308 880 436 943 crinem
456 877 614 940 manibus
632 876 762 939 laniare
779 890 928 959 pararet,
1085 910 1136 966 350

80 987 198 1050 avellit
216 987 374 1060 frondes3
400 987 487 1049 haec
505 982 616 1067 stipite
635 1003 734 1046 crura
751 985 872 1057 teneri,

78 1094 138 1157 illa
156 1095 248 1158 dolet
265 1094 336 1157 lieri
353 1094 476 1179 longos
493 1113 556 1156 sua
573 1089 737 1154 bracchia
755 1110 880 1154 ramos.

79 1202 232 1287 dumque
251 1223 291 1264 ea
309 1201 484 1270 mirantur,
505 1197 742 1282 complectitur
759 1195 902 1282 inguina
920 1210 1050 1276 cortex,

78 1329 210 1392 perque
237 1309 366 1394 gradus
392 1319 538 1381 uterum,
568 1315 768 1390 pectusque,
796 1305 1037 1391 humerosque,
1063 1330 1135 1372 mu·

215 1437 347 1500 nusque

79 1522 199 1596 ambit,
224 1533 258 1586 et
281 1522 459 1586 exstabant
476 1532 607 1584 tantum
625 1540 684 1583 ora
701 1517 859 1582 vocantia
878 1532 1032 1582 matrem.
1082 1553 1132 1607 355

125 1627 221 1712 Quid
239 1630 341 1693 saciat
358 1628 486 1693 mater?
511 1629 589 1703 nisi,
608 1649 675 1715 quo
693 1627 805 1690 trahat
822 1624 967 1710 impetus
985 1626 1080 1691 illam

78 1737 148 1801 huc
165 1749 232 1811 eat,
252 1747 351 1822 atque
369 1735 472 1799 illuc?
497 1749 541 1809 et,
560 1737 641 1799 dum
660 1733 751 1808 licet,
771 1733 889 1797 oscula
903 1733 1048 1819 jungat?

77 1866 146 1906 non
165 1843 246 1907 satis
263 1857 333 1916 est;
359 1843 486 1907 truncis
504 1843 651 1906 avellere
670 1861 815 1925 corpora
832 1851 987 1924 temptat,

77 1963 110 2013 et
128 1961 261 2014 teneros
280 1950 436 2014 munibus
454 1971 566 2013 ramos
584 1949 775 2032 abrumpit:
802 1948 931 2012 atinde

77 2057 290 2142 sanguineae
309 2068 460 2130 manunt,
479 2069 653 2141 tamquam
672 2057 714 2120 de
734 2055 886 2129 vulnere,
906 2067 1034 2141 guttae.
1078 2074 1130 2140 3⁶0

78 2175 86 2201 ‘
101 2163 224 2233 Parce,
241 2185 372 2246 precor,
390 2163 520 2236 mater,’
534 2183 772 2248 quaecumque
786 2173 836 2225 est
853 2162 970 2225 saucia
988 2164 1126 2238 clamat,

78 2285 218 2354 ‘parce
239 2268 378 2354 precor!
406 2282 556 2333 nostrum
574 2272 743 2332 laceratur
760 2269 793 2331 in
812 2269 932 2333 arbore
951 2290 1087 2355 corpus.

71 2378 214 2465 jamque
232 2378 307 2440 vale
320 2379 327 2405 ’
339 2389 510 2441 -cortex
527 2376 560 2438 in
578 2377 682 2439 verba
700 2376 886 2440 novissima
904 2377 1007 2441 venit.

74 2485 155 2546 inde
173 2483 281 2547 fluunt
298 2483 472 2558 lacrimae,
492 2483 683 2568 stillataque
700 2484 771 2547 sole
789 2483 965 2570 rigescunt

74 2591 118 2654 de
136 2591 239 2654 ramis
257 2592 381 2654 electra
399 2589 508 2664 novis,
527 2610 616 2676 quae
632 2589 766 2656 lucidus
782 2592 893 2656 amnis
1076 2613 1126 2681 365

74 2696 202 2781 excipit
219 2709 250 2760 et
269 2698 409 2761 nuribus
428 2697 524 2761 mittit
541 2698 708 2784 gestanda
727 2697 873 2764 Latinis.

119 2801 240 2866 Adfuit
257 2805 336 2866 huic
354 2816 502 2868 monstro
520 2805 632 2888 proles
650 2803 849 2870 Stheneleia
869 2806 1022 2894 Cycnus,

73 2909 131 2995 qui
149 2910 207 2973 tibi
227 2925 380 2974 materno
396 2911 552 2996 quamvis
571 2933 591 2975 a
609 2916 778 3001 sanguine
793 2916 943 3003 junctus,

73 3029 187 3080 mente
204 3030 331 3091 tamen,
351 3017 542 3093 Phaethon,
563 3023 699 3112 propior
717 3023 797 3094 suit3
824 3024 880 3087 ille
898 3024 1070 3089 relicto—

72 3144 155 3186 nam
172 3123 342 3210 Ligurum
361 3126 504 3209 populos
523 3138 555 3191 et
573 3150 720 3215 magnas
738 3143 873 3193 rexerat
891 3132 1043 3195 urbes-
1075 3163 1125 3216 370

73 3231 229 3314 imperi0,
250 3231 342 3315 ripas
360 3233 485 3298 virides
505 3256 710 3322 amnemque
728 3238 888 3322 querellis

72 3335 262 3400 Eridanum
280 3339 450 3423 implerat,
471 3342 661 3427 silvamque
679 3345 848 3409 sororibus
866 3357 1023 3409 auctam:

72 3465 150 3506 cum
168 3466 236 3508 vox
253 3457 303 3510 est
319 3460 457 3513 tenuata
474 3449 558 3523 viro,
579 3472 754 3536 canaeque
772 3453 914 3537 capillos

71 3550 289 3617 dissimulant
305 3557 455 3640 plumae,
475 3556 669 3642 collumque
687 3579 706 3620 a
724 3570 859 3642 pectore
876 3561 979 3646 longe

71 3659 268 3748 porrigitur,
288 3663 480 3748 digitosque
498 3662 582 3749 ligat
595 3663 755 3749 junctura
773 3666 945 3741 rubentes,
1072 3699 1122 3753 375

70 3787 184 3850 penna
201 3770 290 3833 latus
307 3769 418 3842 vestit,
437 3781 581 3834 teneros
599 3771 672 3834 sine
691 3772 849 3837 acumine
867 3784 1025 3838 rostrum.

59 3873 100 3930 fit
112 3892 199 3932 nova
218 3871 361 3952 Cycnus
375 3875 452 3937 avis
462 3898 473 3947 ;
499 3899 567 3943 nec
584 3902 623 3945 se
642 3883 814 3974 caeloque
829 3883 981 3975 leuique
1038 3947 1040 3951 ,
