2444 4134
76 139 135 194 111.
155 151 184 206 3,
199 138 259 209 54]
348 119 416 187 The
439 120 571 187 Exile's
595 117 679 185 Sick
707 119 891 185 Chamber.
1068 126 1129 198 175

76 319 116 385 Si
130 319 203 407 jam
222 317 394 393 deficiam,
412 319 665 405 subpressaque
682 316 801 402 lingua
818 315 933 400 palato

120 426 193 489 Vix
210 425 373 489 instillato
389 424 596 489 restituenda
613 445 720 497 mero,

76 533 223 598 Nuntiet
239 533 307 595 huc
324 531 447 616 aliquis
463 530 638 595 dominam
656 529 804 604 venisse,
822 548 1014 615 resurgam,

122 639 282 725 Spesque
299 636 346 701 tui
364 636 463 701 nobis
480 657 585 700 causa
602 635 729 722 vigoris
747 635 819 698 erit.

78 747 174 833 Ergo
192 767 260 832 ego
277 766 353 808 sum
370 743 494 807 dubius
512 742 614 816 vitae,
633 754 669 805 tu
686 741 826 806 forsitan
844 740 919 805 istic
1099 770 1133 824 23

119 853 321 938 Jucundum
338 849 443 915 nostri
460 848 576 913 nescia
594 859 730 933 tempus
746 846 845 934 agis?

78 958 160 1024 Non
179 959 270 1045 agis,
289 958 454 1022 adfirmo:
478 955 584 1041 liquet
601 956 679 1027 hoc,
699 954 889 1029 carissima,
908 953 1019 1030 nobiS,

122 1065 281 1149 Tempus
299 1064 356 1151 agi
373 1064 447 1129 sine
463 1084 518 1127 me
535 1084 603 1126 non
620 1061 683 1126 nisi
702 1063 794 1125 triste
811 1061 882 1125 tibi.

78 1171 116 1236 Si
135 1183 252 1235 tamen
269 1171 423 1255 implevit
439 1191 516 1234 mea
533 1191 617 1241 sors,
637 1190 723 1253 quos
741 1168 869 1242 debuit,
889 1188 1011 1243 annoS,

123 1278 168 1342 Et
187 1278 269 1340 mihi
287 1277 424 1342 vivendi
440 1289 509 1341 tam
526 1277 592 1342 cito
609 1275 686 1339 finis
704 1275 821 1339 adest:
1100 1305 1135 1360 30

80 1383 261 1469 Qantum
279 1396 363 1458 erat,
383 1383 415 1448 O
432 1383 563 1471 magni,
582 1382 743 1447 morituro
761 1401 917 1465 parcere,
936 1381 1031 1457 Divi,

125 1492 174 1557 Ut
190 1492 312 1556 saltem
330 1491 439 1575 patria
456 1491 708 1555 contumularer
725 1485 853 1552 humo?

77 1597 146 1665 Vel
164 1619 277 1683 poena
293 1598 328 1662 in
344 1609 478 1682 tempus
495 1597 611 1662 mortis
627 1596 732 1661 dilata
750 1595 881 1670 luisset,

123 1704 194 1770 Vel
210 1704 441 1790 praecepisset
458 1726 549 1770 mors
566 1715 745 1790 properata
763 1703 896 1788 sugam.

78 1812 221 1899 Integer
238 1812 329 1875 hanc
345 1811 437 1896 potui
454 1833 563 1896 nuper
579 1812 666 1876 bene
684 1810 827 1874 reddere
846 1810 979 1873 lucemr
1099 1840 1133 1897 35

124 1917 236 1982 Exsul
252 1928 289 1981 ut
304 1918 509 1990 occiderem,
528 1938 620 1982 nunc
637 1917 718 1981 mihi
736 1916 803 1980 vita
821 1916 901 1980 duta
917 1925 981 1980 est.

75 2025 172 2089 Tam
191 2025 309 2109 procul
325 2024 450 2111 ignotis
466 2024 570 2110 igitur
586 2026 769 2090 moriemur
785 2024 820 2087 in
836 2022 919 2098 oriS,

127 2131 171 2195 Et
187 2131 269 2195 fient
284 2131 359 2216 ipso
375 2131 480 2195 tristia
497 2132 565 2195 fata
581 2129 679 2197 loco?

76 2239 116 2303 N
119 2260 159 2303 ec
177 2259 254 2303 mea
271 2251 432 2303 consueto
449 2240 674 2322 languescent
689 2258 832 2322 corpora
850 2234 959 2302 lecto?

127 2344 329 2429 Depositum
349 2366 412 2408 nec
429 2367 484 2408 me
500 2345 557 2431 qui
574 2344 665 2419 fleat,
684 2345 773 2409 ullus
790 2343 874 2408 erit?
1097 2374 1134 2428 40

77 2453 160 2517 Nec
177 2453 336 2516 dominae
352 2451 503 2516 lacrimis
518 2451 553 2514 in
571 2464 684 2516 nostra
701 2453 901 2517 cadentibus
918 2473 978 2517 ora

126 2558 306 2623 Accedent
322 2559 457 2623 animae
473 2569 626 2643 tempora
644 2580 749 2644 parva
767 2560 887 2625 meae?

78 2666 160 2730 Nec
179 2666 339 2729 mandata
357 2666 459 2739 dabo,
478 2686 542 2729 nec
559 2686 636 2729 cum
654 2667 804 2733 clamore
822 2691 982 2755 supremo

126 2772 301 2836 Labentes
317 2773 435 2836 oculos
451 2773 575 2837 condet
590 2774 700 2839 amica
719 2775 864 2842 manus?

78 2880 153 2945 Sed
171 2879 244 2943 sine
262 2878 437 2942 funeribus
454 2893 556 2963 caput
574 2881 651 2956 hoc,
672 2883 745 2947 sine
763 2885 891 2948 honore
908 2883 1056 2968 sepulcri
1097 2914 1131 2971 45

127 2986 384 3070 Indeploratum
401 2986 547 3051 barbara
564 2999 652 3054 terra
670 2990 784 3077 teget?

78 3092 230 3179 Ecquid,
249 3102 285 3156 ut
302 3092 463 3169 audieris,
481 3104 549 3159 tota
567 3097 746 3161 turbabere
765 3108 890 3172 mente,

126 3198 171 3263 Et
187 3199 289 3263 feries
306 3198 430 3282 pavida
447 3213 585 3286 pectora
601 3204 671 3268 fida
688 3201 814 3268 manu?

78 3305 230 3391 Ecquid,
249 3305 283 3369 in
302 3307 364 3371 has
380 3306 504 3373 frustra
520 3311 663 3389 tendens
680 3322 737 3373 tua
754 3311 916 3376 bracchia
933 3323 1058 3396 partes,

126 3411 306 3477 Clamabis
323 3414 437 3479 miseri
456 3436 580 3480 nomen
598 3416 700 3480 inane
716 3415 802 3481 viri?
1099 3447 1132 3502 50

79 3521 192 3586 Parce
208 3533 323 3585 tamen
341 3522 493 3586 lacerare
510 3544 631 3609 genas,
651 3544 715 3587 nec
733 3525 849 3588 scinde
868 3524 1032 3609 capillos:

124 3627 206 3689 Non
223 3627 282 3688 ribi
297 3648 391 3691 nunc
402 3628 568 3711 primum,
588 3629 650 3696 lux
667 3653 762 3709 mea,
778 3643 900 3721 raptus
914 3653 988 3699 ero.

64 3727 154 3787 Cum
166 3727 317 3804 patriam
334 3732 451 3808 amisi,
471 3747 556 3804 tunc
575 3763 634 3809 me
652 3744 806 3832 periisse
825 3756 977 3835 putatos

89 3823 138 3881 Et
146 3825 248 3903 prior
262 3841 297 3891 et
308 3839 463 3917 gravior
479 3867 585 3920 mors
605 3855 677 3927 fuit
695 3859 765 3928 illa
782 3859 893 3929 milit.
