2444 4134
456 47 476 85 l

64 176 101 230 X.
114 175 189 246 219]
372 156 490 223 Death
514 158 563 242 os
574 156 809 243 Hyacinthus.
1054 172 1116 238 103

63 355 226 420 Phoebus
245 354 304 431 ait,
321 355 489 441 videoque
505 364 615 430 tuum,
634 375 711 419 mea
728 352 885 426 crimina,
903 351 1039 418 vulnus.

63 473 99 527 tu
117 462 216 527 dolor
232 483 284 538 es,
302 462 503 549 facinusque
522 483 656 527 meum:
682 482 760 524 mea
777 460 919 523 dextera
937 459 1003 524 leto

64 568 285 634 inscribenda
301 578 359 632 tuo
377 580 447 642 est;
472 590 538 655 ego
555 589 630 633 sum
648 567 707 632 tibi
725 566 855 630 funeris
872 575 1000 630 auctor.

64 696 154 763 quae
171 695 251 739 mea
268 675 370 760 culpa
388 673 524 739 tamen?
548 674 613 739 nisi
631 674 658 738 si
677 672 798 737 lusisse
815 672 931 737 vocari
1069 704 1120 742 200

64 782 168 866 culpa
186 792 309 866 potest,
328 780 392 845 nisi
410 781 511 866 culpa
529 791 638 865 potest
653 790 687 844 et
703 800 838 844 amasse
854 780 982 844 vocari.

65 899 169 975 atque
186 887 317 952 utinam
334 887 579 972 protentam,
598 897 756 950 tecumve
775 886 892 952 liceret

64 991 233 1059 redderel
282 992 387 1078 Quod
402 995 564 1080 quoniam
582 994 676 1058 fatali
694 995 773 1082 lege
789 1006 957 1069 tenemur,

65 1123 205 1188 semper
220 1101 288 1166 eris
305 1122 453 1177 mecum,
474 1101 684 1187 memorique
703 1102 859 1166 haerebis
876 1101 910 1164 in
927 1122 998 1165 ore.

64 1220 98 1275 te
115 1210 193 1297 lyra
210 1210 310 1295 pulsa
327 1231 444 1284 manu,
463 1220 496 1273 te
513 1208 667 1274 carmina
685 1220 799 1272 nostra
817 1208 1007 1280 sonabunt;
1071 1236 1121 1292 205

64 1316 199 1403 flosque
216 1338 325 1381 novus
341 1317 466 1401 scripto
484 1317 631 1404 gemitus
648 1315 824 1379 imitabere
844 1327 996 1378 nostros:

65 1435 203 1509 tempus
220 1434 253 1488 et
268 1423 354 1488 illud
370 1423 445 1499 erit,
463 1445 531 1510 quo
549 1444 585 1488 se
603 1421 804 1487 fortissimus
821 1422 923 1485 heros

67 1532 174 1596 addat
189 1530 223 1595 in
241 1531 334 1595 hunc
349 1529 483 1605 florem,
502 1531 650 1616 folioque
667 1530 802 1615 legatur
818 1527 977 1592 eodem.”

114 1637 243 1701 ‘Talia
260 1638 342 1702 dum
358 1659 440 1702 vero
458 1647 690 1702 memorantur
707 1634 878 1719 Apollinis
895 1656 967 1710 ore,

66 1767 151 1811 ecce
169 1766 280 1820 cruor,
298 1746 357 1832 qui
374 1746 468 1811 fusus
486 1747 591 1810 humo
609 1746 806 1832 signaverat
823 1744 979 1820 herbam,
1072 1776 1122 1816 210

66 1852 195 1919 desinit
210 1873 285 1917 esse
302 1873 414 1928 cruor,
432 1852 609 1939 Tyrioque
627 1851 785 1916 nitsnior
800 1861 891 1916 ostro

67 1960 133 2025 flos
149 1959 268 2035 oritur,
286 1959 498 2047 formamque
515 1960 606 2045 capit
622 1980 724 2046 quam
742 1958 826 2033 lilia,
846 1958 873 2023 si
891 1980 961 2022 non

67 2087 263 2154 purpureus
280 2067 373 2131 color
390 2067 455 2140 his,
475 2079 659 2153 argenteus
676 2076 765 2130 esset
782 2066 816 2128 in
834 2064 915 2129 illis.

68 2173 236 2238 nonsatis
251 2173 318 2239 hoc
333 2171 474 2238 Phoebo
491 2185 541 2238 est
557 2172 604 2259 (is
621 2173 712 2237 enim
727 2171 787 2235 luit
804 2182 922 2236 auctor
940 2169 1097 2258 honoris)
1113 2193 1121 2234 ε

67 2281 145 2366 ipse
163 2301 242 2345 suos
259 2279 407 2367 gemitus
423 2280 512 2345 soliis
529 2279 693 2354 inscribit,
713 2292 745 2343 et
770 2296 808 2342 Ar
833 2297 872 2342 ni
1073 2309 1103 2347 21
1109 2306 1123 2362 ς

66 2387 135 2452 flos
152 2387 255 2451 habet
270 2385 482 2471 inscriptum,
502 2387 703 2473 funestaque
720 2385 831 2449 littera
848 2385 950 2448 ducta
968 2393 1031 2448 est.

67 2514 137 2559 nec
153 2492 316 2580 genuisse
331 2494 436 2577 pudet
452 2491 600 2578 Sparten
619 2492 855 2579 Hyacinthon,
874 2492 1051 2578 honorque

68 2603 173 2668 durat
187 2600 223 2663 in
240 2600 307 2664 hoc
323 2599 421 2674 aevi;
447 2601 723 2686 celebrandaque
740 2621 833 2664 more
850 2598 1002 2684 priorum

69 2727 190 2774 annua
203 2706 358 2793 praelata
373 2706 517 2773 redeunt
535 2706 747 2796 Hyacinthia
765 2705 917 2793 pompa-⁹
