2444 4134
84 128 208 202 lx.243.]
414 111 673 202 Thesuneral
690 108 781 178 Pile.

13 322 16 353 ²
111 309 201 375 Ecce
218 307 358 374 Lichan
375 310 546 395 trepidum
562 308 752 375 latitantem
768 328 853 394 rupe
870 316 991 372 cavata

74 418 205 504 aspicit3
231 430 336 504 utque
354 417 452 483 dolor
468 418 598 481 rabiem
617 417 805 503 collegerat
819 435 970 489 omnem,

73 523 203 602 ‘Tune,
221 523 360 599 Licha,'
376 521 461 587 dixit
478 521 620 586 ‘feralia
636 523 727 589 dona
744 517 888 587 dedisti?

68 643 143 696 tune
160 652 261 696 meae
278 629 374 694 necis
393 638 510 692 auctor
527 625 635 693 erisi'
679 627 813 692 Tremit
828 627 899 702 ille,
917 636 1088 713 pavetque

67 739 228 824 pallidus,
247 749 280 802 et
296 737 414 801 timide
432 736 536 799 verba
554 735 755 799 excusantia
772 734 865 800 dicit.
1068 761 1118 815 215

66 846 237 911 dicentem
254 845 470 932 genibusque
489 864 613 907 manus
630 841 794 907 adhibere
812 852 990 927 parantem

66 953 205 1037 corripit
222 950 376 1027 Alcides,
395 962 427 1015 et
443 961 560 1037 terque
578 961 766 1035 quaterque
783 960 928 1013 rotatum

65 1060 165 1124 mittit
180 1059 216 1122 in
233 1059 407 1122 Euboicas
423 1067 590 1122 tormento
606 1055 725 1120 fortius
742 1055 865 1119 undas.

64 1167 122 1231 ille
140 1187 203 1251 per
221 1165 331 1229 aerias
349 1165 503 1248 pendens
520 1161 671 1226 induruit
687 1182 810 1236 auras;

65 1286 170 1358 utque
188 1272 301 1336 serunt
317 1271 443 1335 imbres
460 1270 585 1358 gelidis
603 1289 824 1333 concrescere
840 1267 964 1345 ventis,
1069 1298 1120 1337 220

64 1381 145 1444 inde
164 1379 259 1443 nives
276 1379 363 1453 fieri,
382 1378 516 1442 nivibus
534 1397 669 1462 quoque
688 1376 790 1440 molle
807 1376 925 1441 rotatis

65 1487 224 1574 astringi,
242 1496 275 1550 et
291 1486 402 1570 spissa
418 1483 602 1572 glomerari
621 1483 790 1570 grandine
807 1504 952 1568 corpus:

64 1595 115 1660 sic
132 1594 229 1657 illum
247 1592 369 1657 validis
386 1605 498 1657 actum
516 1612 577 1676 per
593 1591 696 1654 inane
714 1590 849 1654 lacertis

64 1721 351 1787 exsanguemque
369 1709 460 1762 metu
474 1697 735 1784 necquicquam
750 1697 902 1761 humoris
920 1697 1117 1771 habentem,

64 1807 101 1872 in
119 1807 249 1893 rigidos
265 1827 401 1870 versum
419 1805 531 1870 silices
549 1805 641 1890 prior
657 1803 764 1868 edidit
780 1815 886 1868 aetas.
1068 1835 1117 1892 2²5

64 1934 161 1976 nunc
176 1933 311 1998 quoque
328 1912 362 1976 in
380 1911 534 1976 Euboico
550 1910 712 1996 scopulus
731 1911 844 1974 brevis
860 1910 985 1974 emicat
1001 1911 1068 1975 alto

64 2019 217 2107 gurgite,
237 2031 269 2083 et
285 2020 457 2083 humanae
474 2029 587 2084 servat
603 2018 748 2104 vestigia
767 2018 910 2092 formae,

64 2147 183 2212 quem,
202 2125 299 2213 quasi
318 2147 510 2201 sensurum,
529 2137 654 2190 nautae
671 2126 807 2191 calcare
824 2138 994 2199 verentur,

65 2232 310 2319 appellantque
328 2231 476 2297 Lichan.

504 2339 553 2404 At
567 2349 616 2414 tu,
630 2338 727 2425 Jovis
744 2339 861 2404 inclita
877 2341 1003 2425 proles,

64 2447 246 2512 arboribus
263 2446 385 2523 caesis,
403 2468 489 2534 quas
506 2448 613 2512 ardua
631 2460 785 2535 gesserat
802 2448 902 2523 Oete,
1068 2482 1119 2535 230

64 2554 171 2640 inque
188 2575 309 2639 pyram
327 2554 473 2630 structiS,
493 2574 611 2619 arcum
630 2555 894 2641 pharetramque
912 2577 1076 2642 capacem

64 2682 245 2747 regnaque
261 2661 393 2726 visuras
410 2661 531 2725 iterum
550 2661 704 2750 Trojana
722 2664 863 2750 sagittas

65 2769 156 2833 ferre
169 2768 269 2855 jubes
286 2767 437 2832 Poeante
455 2778 578 2842 satum,
597 2791 665 2856 quo
682 2769 822 2834 flamma
840 2770 992 2836 ministro

65 2876 223 2949 subdita3
249 2876 399 2962 dumque
417 2876 526 2941 avidis
543 2879 799 2963 comprenditur
815 2879 952 2965 ignibus
970 2900 1092 2966 agger,

64 2983 264 3068 congeriem
283 2983 388 3046 silvae
407 2982 585 3049 Nemeaeo
602 2985 728 3048 vellere
747 3006 916 3049 summam
1067 3016 1116 3071 ²35

64 3089 201 3163 sternis
221 3100 253 3153 et
269 3089 426 3174 imposita
445 3092 564 3156 clavae
583 3091 716 3156 cervice
733 3091 917 3166 recumbis,

64 3197 160 3260 haud
177 3196 244 3261 alio
261 3197 369 3272 vultu,
388 3220 492 3285 quam
510 3201 538 3265 si
556 3199 701 3264 conviva
714 3198 849 3286 jaceres

63 3303 154 3367 inter
171 3303 274 3388 plena
290 3305 374 3370 meri
395 3307 569 3372 redimitus
588 3306 711 3392 pocula
729 3305 837 3369 sertis.

107 3408 255 3497 Jamque
272 3413 392 3478 valens
408 3425 441 3478 et
457 3414 492 3477 in
510 3435 611 3479 omne
628 3413 716 3477 latus
734 3411 857 3476 diffusa
875 3412 1030 3487 sonabat,

64 3537 274 3605 securosque
292 3532 384 3585 artus
401 3531 737 3605 contemptoremque
755 3519 891 3603 petebat
1068 3549 1117 3602 240

64 3624 207 3690 flamma
224 3649 336 3694 suum.
385 3627 549 3691 Timuere
567 3626 621 3690 dei
639 3648 700 3711 pro
718 3625 853 3689 vindice
869 3636 1000 3689 terrae:

63 3755 154 3821 quos
169 3736 229 3811 ita,
248 3734 354 3800 sensit
370 3734 474 3808 enim,
494 3734 583 3797 laeto
600 3732 782 3797 Saturnius
799 3753 857 3795 ore

55 3843 221 3927 Juppiter
234 3840 450 3924 adloquitur:
478 3838 630 3906 ‘Nostra
647 3850 700 3906 est
715 3839 816 3905 timor
832 3837 898 3904 iste
912 3838 1086 3926 voluptas,
