2444 4134
69 135 124 189 111.
146 133 262 207 1514]
379 119 559 184 Farewcll
577 127 613 184 to
635 117 692 183 tha
714 115 841 182 Loves.

66 317 140 382 Nec
157 327 273 379 tamen
292 315 421 402 ignavo
436 325 639 402 stupuerunt
655 313 759 377 verba
776 311 913 398 palato:

108 422 285 491 Clamavit
303 423 451 487 moriens
469 422 588 508 lingua
610 419 779 495 Corinna,
796 417 898 482 vole!

66 532 163 599 Colle
180 531 244 596 sub
261 528 382 615 Elysio
398 528 499 615 nigra
516 549 637 592 nemus
654 527 731 591 ilice
748 527 894 602 frondet,

108 639 259 726 Udaque
276 647 442 723 perpetuo
460 636 618 722 gramine
636 649 725 700 terra
742 637 838 701 viret.

66 745 172 832 Siqua
189 746 277 810 fides
294 745 419 818 dubiis,
439 745 617 808 volucrum
635 744 731 808 locus
748 745 806 809 ille
823 745 956 830 piarum

108 853 257 928 Dicitur,
276 853 447 918 obscenae
464 872 532 938 quo
551 852 773 936 prohibentur
789 874 893 919 avesr

66 961 140 1025 Illic
156 961 296 1026 innocui
313 962 380 1024 late
398 972 586 1045 pascuntur
602 962 726 1036 olores,

108 1068 153 1132 Et
168 1069 274 1132 vivax
291 1068 453 1153 phoenix,
473 1069 576 1132 unica
595 1090 730 1154 semper
748 1069 842 1145 avis3

64 1175 229 1260 Explicat
244 1175 320 1260 ipsa
337 1197 417 1240 suas
435 1177 507 1240 ales
520 1175 671 1262 Junonia
688 1177 824 1262 pinnas,
1088 1209 1121 1266 55

109 1281 240 1346 Oscula
257 1282 316 1346 dat
332 1283 458 1367 cupido
474 1284 603 1347 blanda
620 1285 780 1348 columba
800 1284 894 1349 mari.

62 1388 234 1454 Psittacus
252 1390 315 1454 has
331 1390 420 1454 inter
434 1392 600 1454 nemorali
620 1391 701 1455 sede
719 1404 876 1476 receptus

107 1494 287 1560 Convertit
303 1497 461 1561 volucres
478 1497 512 1560 in
530 1518 593 1561 sua
611 1498 716 1561 verba
733 1497 821 1582 pias.

60 1603 152 1667 Ossa
170 1603 257 1689 tegit
272 1605 436 1678 tumulus,
455 1605 606 1668 tumulus
623 1626 686 1689 pro
703 1624 847 1689 corpore
864 1626 1027 1693 magnus,

108 1708 192 1793 Qo
210 1708 298 1793 lapis
314 1710 463 1796 exiguus
480 1732 543 1795 par
559 1709 625 1775 sibi
639 1730 782 1776 carmen
799 1711 925 1777 habet:
1084 1730 1120 1784 60

67 1814 229 1901 Colligor
245 1837 287 1879 ex
304 1819 378 1902 ipso
395 1818 555 1880 dominae
564 1819 741 1904 placuisse
755 1819 959 1905 sepulchro:

111 1920 188 1986 Ora
192 1925 307 2006 suere
322 1923 412 1987 mihi
418 1924 504 2010 plus
520 1946 586 1987 ave
601 1926 701 1989 docta
717 1926 826 2011 loqui.

237 2264 269 2330 3.
295 2245 480 2312 Farewell
498 2255 533 2312 to
556 2246 613 2312 the
636 2246 750 2313 Loves
778 2247 942 2336 (iii.15).

147 2457 318 2524 UAERE
328 2481 454 2524 novum
466 2471 796 2537 vatem,tenerorum
808 2473 916 2526 mater
925 2460 1094 2528 Amorum
1108 2461 1116 2528 l

192 2566 340 2630 Raditur
357 2568 413 2631 hic
430 2568 538 2654 elegis
555 2569 675 2632 ultima
691 2581 782 2633 meta
800 2570 905 2634 meis:

63 2671 163 2755 Qros
180 2695 246 2760 ego
264 2675 453 2759 composui,
473 2672 609 2761 Peligni
627 2676 714 2740 ruris
732 2677 910 2754 alumnus;

107 2777 186 2843 Nec
203 2801 257 2844 me
274 2780 418 2844 deliciae
436 2781 629 2845 dedecuere
647 2803 757 2846 meae.

61 2885 186 2972 Siquid
203 2887 236 2951 id
254 2899 316 2961 est,
335 2909 444 2973 usque
462 2909 482 2951 a
499 2888 635 2972 proavis
652 2902 748 2953 vetus
766 2891 895 2956 ordinis
912 2891 1025 2967 heres
1100 2923 1115 2980 ς

106 2992 189 3057 Non
206 2995 308 3058 modo
326 2994 465 3058 militiae
482 2995 616 3058 turbine
634 2995 744 3060 factus
761 3019 877 3082 eques.

59 3099 209 3164 Mantua
224 3099 382 3188 Vergilio
399 3102 549 3188 gaudet3
573 3100 714 3167 Verona
731 3101 889 3169 Catullo:

106 3205 273 3294 Pelignae
290 3208 386 3272 dicar
402 3209 513 3297 gloria
530 3210 643 3298 gentis
659 3232 739 3297 eg0,

60 3311 179 3396 Quam
198 3335 260 3378 sua
278 3315 417 3382 libertas
436 3319 480 3382 ad
498 3320 641 3383 honesta
658 3322 819 3406 coegerat
835 3340 945 3394 arma,

105 3419 195 3484 Cum
214 3421 323 3487 timuit
340 3426 450 3491 socias
468 3427 572 3490 anxia
589 3425 704 3490 Roma
722 3448 855 3491 manus.
1084 3456 1115 3496 ιο

56 3526 176 3613 Atque
193 3530 315 3617 aliquis
334 3547 493 3625 spectans
510 3535 636 3618 hospes
653 3533 828 3599 Sulmonis
845 3532 964 3620 aquosi

103 3633 257 3708 Moenia,
276 3660 366 3720 quae
382 3640 498 3722 campi
506 3640 635 3730 jugera
655 3665 768 3732 pauca
785 3655 918 3722 tenent,

44 3733 170 3810 ‘Quae
186 3748 316 3799 tantum
331 3740 449 3806 ’dicet
469 3752 659 3832 ‘potuistis
676 3757 774 3828 serre
793 3772 959 3852 poetam,

70 3830 408 3937 Qantalacnmque
423 3853 528 3937 estis,
552 3881 621 3934 vos
643 3891 720 3961 ego
740 3897 893 3970 magna
908 3868 1030 3943 voco?
