<?xml version="1.0" encoding="UTF-8"?>
<!DOCTYPE html PUBLIC "-//W3C//DTD XHTML 1.0 Transitional//EN"
    "http://www.w3.org/TR/xhtml1/DTD/xhtml1-transitional.dtd">
<html xmlns="http://www.w3.org/1999/xhtml" xml:lang="en" lang="en">
 <head>
  <title>
</title>
<meta http-equiv="Content-Type" content="text/html;charset=utf-8" />
  <meta name='ocr-system' content='tesseract 3.04.00' />
  <meta name='ocr-capabilities' content='ocr_page ocr_carea ocr_par ocr_line ocrx_word'/>
</head>
<body>
  <div class='ocr_page' id='page_1' title='image "./publiovidinason00allegoog_0134.png"; bbox 0 0 2444 4134; ppageno 0'>
   <div class='ocr_carea' id='block_1_1' title="bbox 75 126 1130 222">
    <p class='ocr_par' dir='ltr' id='par_1_1' title="bbox 75 126 1130 222">
     <span class='ocr_line' id='line_1_1' title="bbox 75 126 1130 222; baseline -0.007 -19"><span class='ocrx_word' id='word_1_1' title='bbox 75 147 236 222; x_wconf 77' lang='lat' dir='ltr'><strong>x111.7⁶.]</strong></span> <span class='ocrx_word' id='word_1_2' title='bbox 454 126 568 201; x_wconf 66' lang='lat' dir='ltr'><strong>Clam</strong></span> <span class='ocrx_word' id='word_1_3' title='bbox 591 132 762 222; x_wconf 63' lang='lat' dir='ltr'><strong>ffAJux.</strong></span> <span class='ocrx_word' id='word_1_4' title='bbox 1065 150 1130 219; x_wconf 83' lang='lat'><strong>119</strong></span> 
     </span>
    </p>
   </div>
   <div class='ocr_carea' id='block_1_2' title="bbox 61 325 1133 3942">
    <p class='ocr_par' dir='ltr' id='par_1_2' title="bbox 74 325 958 417">
     <span class='ocr_line' id='line_1_2' title="bbox 74 325 958 417; baseline 0.001 -23"><span class='ocrx_word' id='word_1_5' title='bbox 74 329 260 394; x_wconf 92' lang='lat' dir='ltr'><strong>obtulimus</strong></span> <span class='ocrx_word' id='word_1_6' title='bbox 277 330 360 416; x_wconf 90' lang='lat' dir='ltr'><strong>quia</strong></span> <span class='ocrx_word' id='word_1_7' title='bbox 376 352 440 396; x_wconf 90' lang='lat' dir='ltr'><strong>nos</strong></span> <span class='ocrx_word' id='word_1_8' title='bbox 456 331 500 396; x_wconf 87' lang='lat' dir='ltr'><strong>ad</strong></span> <span class='ocrx_word' id='word_1_9' title='bbox 516 331 627 417; x_wconf 92' lang='lat' dir='ltr'><strong>prima</strong></span> <span class='ocrx_word' id='word_1_10' title='bbox 643 330 809 416; x_wconf 90' lang='lat' dir='ltr'><strong>pericula,</strong></span> <span class='ocrx_word' id='word_1_11' title='bbox 827 325 958 395; x_wconf 84' lang='lat' dir='ltr'><strong>simus?</strong></span> 
     </span>
    </p>

    <p class='ocr_par' dir='ltr' id='par_1_3' title="bbox 72 434 1128 1805">
     <span class='ocr_line' id='line_1_3' title="bbox 118 434 1126 523; baseline -0.002 -22"><span class='ocrx_word' id='word_1_12' title='bbox 118 448 127 477; x_wconf 89' lang='lat'>‘</span> <span class='ocrx_word' id='word_1_13' title='bbox 142 434 406 523; x_wconf 9' lang='lat' dir='ltr'><strong>Atqueyutinam</strong></span> <span class='ocrx_word' id='word_1_14' title='bbox 419 449 478 502; x_wconf 91' lang='lat' dir='ltr'><strong>aut</strong></span> <span class='ocrx_word' id='word_1_15' title='bbox 490 459 590 503; x_wconf 90' lang='lat' dir='ltr'><strong>verus</strong></span> <span class='ocrx_word' id='word_1_16' title='bbox 604 438 697 503; x_wconf 82' lang='lat' dir='ltr'><strong>furor</strong></span> <span class='ocrx_word' id='word_1_17' title='bbox 710 438 780 512; x_wconf 95' lang='lat' dir='ltr'><strong>ille,</strong></span> <span class='ocrx_word' id='word_1_18' title='bbox 794 449 851 502; x_wconf 88' lang='lat' dir='ltr'><strong>aut</strong></span> <span class='ocrx_word' id='word_1_19' title='bbox 863 437 1012 513; x_wconf 90' lang='lat' dir='ltr'><strong>creditus</strong></span> <span class='ocrx_word' id='word_1_20' title='bbox 1025 444 1126 509; x_wconf 90' lang='lat' dir='ltr'><strong>esset,</strong></span> 
     </span>
     <span class='ocr_line' id='line_1_4' title="bbox 73 542 1057 631; baseline -0.001 -23"><span class='ocrx_word' id='word_1_21' title='bbox 73 565 136 609; x_wconf 91' lang='lat' dir='ltr'><strong>nec</strong></span> <span class='ocrx_word' id='word_1_22' title='bbox 153 564 273 609; x_wconf 89' lang='lat' dir='ltr'><strong>comes</strong></span> <span class='ocrx_word' id='word_1_23' title='bbox 290 543 348 608; x_wconf 90' lang='lat' dir='ltr'><strong>hic</strong></span> <span class='ocrx_word' id='word_1_24' title='bbox 364 542 537 631; x_wconf 85' lang='lat' dir='ltr'><strong>Phrygias</strong></span> <span class='ocrx_word' id='word_1_25' title='bbox 554 566 716 630; x_wconf 93' lang='lat' dir='ltr'><strong>umquam</strong></span> <span class='ocrx_word' id='word_1_26' title='bbox 735 544 883 608; x_wconf 88' lang='lat' dir='ltr'><strong>venisset</strong></span> <span class='ocrx_word' id='word_1_27' title='bbox 900 543 944 608; x_wconf 89' lang='lat' dir='ltr'><strong>ad</strong></span> <span class='ocrx_word' id='word_1_28' title='bbox 961 562 1057 607; x_wconf 88' lang='lat' dir='ltr'><strong>arces</strong></span> 
     </span>
     <span class='ocr_line' id='line_1_5' title="bbox 74 649 1127 736; baseline 0.002 -23"><span class='ocrx_word' id='word_1_29' title='bbox 74 651 225 715; x_wconf 83' lang='lat' dir='ltr'>hortator</span> <span class='ocrx_word' id='word_1_30' title='bbox 241 649 435 715; x_wconf 87' lang='lat' dir='ltr'><strong>scelerum!</strong></span> <span class='ocrx_word' id='word_1_31' title='bbox 460 672 528 715; x_wconf 90' lang='lat' dir='ltr'><strong>non</strong></span> <span class='ocrx_word' id='word_1_32' title='bbox 544 664 591 724; x_wconf 92' lang='lat' dir='ltr'><strong>te,</strong></span> <span class='ocrx_word' id='word_1_33' title='bbox 610 649 775 715; x_wconf 88' lang='lat' dir='ltr'>Poeantia</span> <span class='ocrx_word' id='word_1_34' title='bbox 791 651 918 736; x_wconf 90' lang='lat' dir='ltr'><strong>proles,</strong></span> <span class='ocrx_word' id='word_1_35' title='bbox 1093 677 1127 732; x_wconf 81' lang='lat'><strong>45</strong></span> 
     </span>
     <span class='ocr_line' id='line_1_6' title="bbox 74 756 1005 842; baseline -0.003 -21"><span class='ocrx_word' id='word_1_36' title='bbox 74 757 269 842; x_wconf 87' lang='lat' dir='ltr'><strong>expositum</strong></span> <span class='ocrx_word' id='word_1_37' title='bbox 286 756 440 821; x_wconf 88' lang='lat' dir='ltr'><strong>Lemnos</strong></span> <span class='ocrx_word' id='word_1_38' title='bbox 456 770 571 821; x_wconf 86' lang='lat' dir='ltr'><strong>nostro</strong></span> <span class='ocrx_word' id='word_1_39' title='bbox 588 777 667 820; x_wconf 93' lang='lat' dir='ltr'><strong>cum</strong></span> <span class='ocrx_word' id='word_1_40' title='bbox 684 756 827 821; x_wconf 89' lang='lat' dir='ltr'><strong>crimine</strong></span> <span class='ocrx_word' id='word_1_41' title='bbox 845 756 1005 821; x_wconf 75' lang='lat' dir='ltr'><strong>haberetz</strong></span> 
     </span>
     <span class='ocr_line' id='line_1_7' title="bbox 73 861 1047 950; baseline -0.002 -22"><span class='ocrx_word' id='word_1_42' title='bbox 73 863 130 950; x_wconf 78' lang='lat' dir='ltr'><strong>q‘ui</strong></span> <span class='ocrx_word' id='word_1_43' title='bbox 147 885 255 939; x_wconf 92' lang='lat' dir='ltr'><strong>nunc,</strong></span> <span class='ocrx_word' id='word_1_44' title='bbox 274 877 310 928; x_wconf 93' lang='lat' dir='ltr'><strong>ut</strong></span> <span class='ocrx_word' id='word_1_45' title='bbox 327 876 530 937; x_wconf 89' lang='lat' dir='ltr'><strong>memorant,</strong></span> <span class='ocrx_word' id='word_1_46' title='bbox 549 863 760 928; x_wconf 86' lang='lat' dir='ltr'><strong>silvestribus</strong></span> <span class='ocrx_word' id='word_1_47' title='bbox 777 863 912 928; x_wconf 89' lang='lat' dir='ltr'><strong>abditus</strong></span> <span class='ocrx_word' id='word_1_48' title='bbox 928 861 1047 937; x_wconf 90' lang='lat' dir='ltr'><strong>antris,</strong></span> 
     </span>
     <span class='ocr_line' id='line_1_8' title="bbox 73 969 956 1058; baseline -0.003 -21"><span class='ocrx_word' id='word_1_49' title='bbox 73 993 158 1037; x_wconf 85' lang='lat' dir='ltr'><strong>saxa</strong></span> <span class='ocrx_word' id='word_1_50' title='bbox 176 993 296 1037; x_wconf 90' lang='lat' dir='ltr'><strong>moves</strong></span> <span class='ocrx_word' id='word_1_51' title='bbox 312 971 456 1058; x_wconf 88' lang='lat' dir='ltr'><strong>gemitu,</strong></span> <span class='ocrx_word' id='word_1_52' title='bbox 475 969 750 1055; x_wconf 69' lang='lat' dir='ltr'><strong>Laertiadaeque</strong></span> <span class='ocrx_word' id='word_1_53' title='bbox 767 969 918 1054; x_wconf 91' lang='lat' dir='ltr'><strong>precaris</strong></span> <span class='ocrx_word' id='word_1_54' title='bbox 953 998 956 1005; x_wconf 93' lang='lat'>·</span> 
     </span>
     <span class='ocr_line' id='line_1_9' title="bbox 73 1075 1019 1164; baseline -0.005 -21"><span class='ocrx_word' id='word_1_55' title='bbox 73 1100 162 1164; x_wconf 90' lang='lat' dir='ltr'><strong>quae</strong></span> <span class='ocrx_word' id='word_1_56' title='bbox 180 1078 317 1152; x_wconf 90' lang='lat' dir='ltr'><strong>meruit,</strong></span> <span class='ocrx_word' id='word_1_57' title='bbox 334 1098 438 1164; x_wconf 87' lang='lat' dir='ltr'><strong>quae,</strong></span> <span class='ocrx_word' id='word_1_58' title='bbox 457 1076 484 1142; x_wconf 94' lang='lat' dir='ltr'><strong>si</strong></span> <span class='ocrx_word' id='word_1_59' title='bbox 502 1076 536 1141; x_wconf 95' lang='lat' dir='ltr'><strong>di</strong></span> <span class='ocrx_word' id='word_1_60' title='bbox 554 1088 645 1150; x_wconf 91' lang='lat' dir='ltr'><strong>sunt,</strong></span> <span class='ocrx_word' id='word_1_61' title='bbox 664 1098 732 1140; x_wconf 93' lang='lat' dir='ltr'><strong>non</strong></span> <span class='ocrx_word' id='word_1_62' title='bbox 750 1097 839 1139; x_wconf 86' lang='lat' dir='ltr'><strong>vana</strong></span> <span class='ocrx_word' id='word_1_63' title='bbox 856 1075 1019 1161; x_wconf 88' lang='lat' dir='ltr'><strong>precaris.</strong></span> 
     </span>
     <span class='ocr_line' id='line_1_10' title="bbox 73 1183 1128 1270; baseline 0.002 -20"><span class='ocrx_word' id='word_1_64' title='bbox 73 1198 106 1250; x_wconf 91' lang='lat' dir='ltr'><strong>et</strong></span> <span class='ocrx_word' id='word_1_65' title='bbox 122 1206 216 1250; x_wconf 91' lang='lat' dir='ltr'><strong>nunc</strong></span> <span class='ocrx_word' id='word_1_66' title='bbox 232 1185 289 1250; x_wconf 93' lang='lat' dir='ltr'><strong>ille</strong></span> <span class='ocrx_word' id='word_1_67' title='bbox 307 1185 429 1250; x_wconf 89' lang='lat' dir='ltr'><strong>eadem</strong></span> <span class='ocrx_word' id='word_1_68' title='bbox 447 1183 545 1248; x_wconf 89' lang='lat' dir='ltr'><strong>nobis</strong></span> <span class='ocrx_word' id='word_1_69' title='bbox 558 1183 692 1270; x_wconf 87' lang='lat' dir='ltr'><strong>juratus</strong></span> <span class='ocrx_word' id='word_1_70' title='bbox 709 1183 743 1246; x_wconf 93' lang='lat' dir='ltr'><strong>in</strong></span> <span class='ocrx_word' id='word_1_71' title='bbox 760 1203 870 1258; x_wconf 89' lang='lat' dir='ltr'><strong>arma,</strong></span> <span class='ocrx_word' id='word_1_72' title='bbox 1094 1212 1128 1268; x_wconf 81' lang='lat'><strong>50</strong></span> 
     </span>
     <span class='ocr_line' id='line_1_11' title="bbox 73 1289 977 1377; baseline -0.002 -21"><span class='ocrx_word' id='word_1_73' title='bbox 73 1291 162 1356; x_wconf 85' lang='lat' dir='ltr'><strong>heu!</strong></span> <span class='ocrx_word' id='word_1_74' title='bbox 190 1313 270 1376; x_wconf 89' lang='lat' dir='ltr'><strong>pars</strong></span> <span class='ocrx_word' id='word_1_75' title='bbox 286 1313 355 1355; x_wconf 92' lang='lat' dir='ltr'><strong>una</strong></span> <span class='ocrx_word' id='word_1_76' title='bbox 372 1293 513 1362; x_wconf 88' lang='lat' dir='ltr'><strong>ducum,</strong></span> <span class='ocrx_word' id='word_1_77' title='bbox 532 1312 601 1377; x_wconf 95' lang='lat' dir='ltr'><strong>quo</strong></span> <span class='ocrx_word' id='word_1_78' title='bbox 617 1310 816 1355; x_wconf 88' lang='lat' dir='ltr'>successore</span> <span class='ocrx_word' id='word_1_79' title='bbox 833 1289 977 1376; x_wconf 80' lang='lat' dir='ltr'>sagittae</span> 
     </span>
     <span class='ocr_line' id='line_1_12' title="bbox 75 1397 931 1484; baseline -0.004 -22"><span class='ocrx_word' id='word_1_80' title='bbox 75 1397 238 1464; x_wconf 89' lang='lat' dir='ltr'><strong>Herculis</strong></span> <span class='ocrx_word' id='word_1_81' title='bbox 254 1409 405 1473; x_wconf 90' lang='lat' dir='ltr'><strong>utuntur,</strong></span> <span class='ocrx_word' id='word_1_82' title='bbox 424 1397 552 1463; x_wconf 82' lang='lat' dir='ltr'><strong>fractus</strong></span> <span class='ocrx_word' id='word_1_83' title='bbox 570 1399 756 1484; x_wconf 90' lang='lat' dir='ltr'>morboque</span> <span class='ocrx_word' id='word_1_84' title='bbox 772 1397 931 1483; x_wconf 82' lang='lat' dir='ltr'><strong>fameque</strong></span> 
     </span>
     <span class='ocr_line' id='line_1_13' title="bbox 72 1486 1023 1591; baseline 0 -23"><span class='ocrx_word' id='word_1_85' title='bbox 72 1506 275 1591; x_wconf 87' lang='lat' dir='ltr'><strong>velaturque</strong></span> <span class='ocrx_word' id='word_1_86' title='bbox 292 1505 461 1591; x_wconf 85' lang='lat' dir='ltr'><strong>aliturque</strong></span> <span class='ocrx_word' id='word_1_87' title='bbox 478 1505 611 1579; x_wconf 89' lang='lat' dir='ltr'><strong>avibus,</strong></span> <span class='ocrx_word' id='word_1_88' title='bbox 629 1505 856 1590; x_wconf 90' lang='lat' dir='ltr'><strong>volucresque</strong></span> <span class='ocrx_word' id='word_1_89' title='bbox 873 1486 1023 1590; x_wconf 86' lang='lat' dir='ltr'><strong>petendo</strong></span> 
     </span>
     <span class='ocr_line' id='line_1_14' title="bbox 73 1611 777 1700; baseline -0.004 -23"><span class='ocrx_word' id='word_1_90' title='bbox 73 1613 188 1677; x_wconf 90' lang='lat' dir='ltr'><strong>debita</strong></span> <span class='ocrx_word' id='word_1_91' title='bbox 205 1611 365 1700; x_wconf 90' lang='lat' dir='ltr'><strong>Trojanis</strong></span> <span class='ocrx_word' id='word_1_92' title='bbox 382 1623 521 1677; x_wconf 88' lang='lat' dir='ltr'><strong>exercet</strong></span> <span class='ocrx_word' id='word_1_93' title='bbox 536 1611 669 1697; x_wconf 90' lang='lat' dir='ltr'><strong>spicula</strong></span> <span class='ocrx_word' id='word_1_94' title='bbox 687 1611 777 1685; x_wconf 85' lang='lat' dir='ltr'><strong>fatis,</strong></span> 
     </span>
     <span class='ocr_line' id='line_1_15' title="bbox 73 1717 1125 1805; baseline -0.003 -22"><span class='ocrx_word' id='word_1_95' title='bbox 73 1720 130 1784; x_wconf 90' lang='lat' dir='ltr'><strong>ille</strong></span> <span class='ocrx_word' id='word_1_96' title='bbox 146 1731 263 1784; x_wconf 88' lang='lat' dir='ltr'><strong>tamen</strong></span> <span class='ocrx_word' id='word_1_97' title='bbox 279 1719 374 1793; x_wconf 85' lang='lat' dir='ltr'><strong>vivit,</strong></span> <span class='ocrx_word' id='word_1_98' title='bbox 392 1719 472 1805; x_wconf 92' lang='lat' dir='ltr'><strong>quia</strong></span> <span class='ocrx_word' id='word_1_99' title='bbox 489 1740 558 1783; x_wconf 90' lang='lat' dir='ltr'><strong>non</strong></span> <span class='ocrx_word' id='word_1_100' title='bbox 576 1718 749 1783; x_wconf 84' lang='lat' dir='ltr'><strong>comitavit</strong></span> <span class='ocrx_word' id='word_1_101' title='bbox 765 1717 908 1782; x_wconf 89' lang='lat' dir='ltr'><strong>Ulixen.</strong></span> <span class='ocrx_word' id='word_1_102' title='bbox 1093 1748 1125 1804; x_wconf 82' lang='lat'><strong>55</strong></span> 
     </span>
    </p>

    <p class='ocr_par' dir='ltr' id='par_1_4' title="bbox 72 1825 1126 2234">
     <span class='ocr_line' id='line_1_16' title="bbox 119 1825 945 1891; baseline -0.004 -1"><span class='ocrx_word' id='word_1_103' title='bbox 119 1838 129 1866; x_wconf 77' lang='lat'><strong>⁴</strong></span> <span class='ocrx_word' id='word_1_104' title='bbox 146 1825 270 1891; x_wconf 89' lang='lat' dir='ltr'><strong>Mallet</strong></span> <span class='ocrx_word' id='word_1_105' title='bbox 287 1838 318 1891; x_wconf 89' lang='lat' dir='ltr'><strong>et</strong></span> <span class='ocrx_word' id='word_1_106' title='bbox 335 1827 455 1890; x_wconf 80' lang='lat' dir='ltr'><strong>infelix</strong></span> <span class='ocrx_word' id='word_1_107' title='bbox 471 1825 676 1891; x_wconf 82' lang='lat' dir='ltr'><strong>Palamedes</strong></span> <span class='ocrx_word' id='word_1_108' title='bbox 694 1846 768 1890; x_wconf 89' lang='lat' dir='ltr'><strong>esse</strong></span> <span class='ocrx_word' id='word_1_109' title='bbox 786 1826 945 1890; x_wconf 86' lang='lat' dir='ltr'><strong>relictus:</strong></span> 
     </span>
     <span class='ocr_line' id='line_1_17' title="bbox 72 1932 977 2019; baseline -0.001 -22"><span class='ocrx_word' id='word_1_110' title='bbox 72 1954 177 2019; x_wconf 91' lang='lat' dir='ltr'><strong>quem</strong></span> <span class='ocrx_word' id='word_1_111' title='bbox 196 1934 286 1997; x_wconf 87' lang='lat' dir='ltr'><strong>male</strong></span> <span class='ocrx_word' id='word_1_112' title='bbox 303 1933 448 1998; x_wconf 92' lang='lat' dir='ltr'><strong>convicti</strong></span> <span class='ocrx_word' id='word_1_113' title='bbox 466 1933 608 1997; x_wconf 90' lang='lat' dir='ltr'><strong>nimium</strong></span> <span class='ocrx_word' id='word_1_114' title='bbox 629 1954 760 1997; x_wconf 88' lang='lat' dir='ltr'><strong>memor</strong></span> <span class='ocrx_word' id='word_1_115' title='bbox 775 1932 837 1996; x_wconf 84' lang='lat' dir='ltr'><strong>iste</strong></span> <span class='ocrx_word' id='word_1_116' title='bbox 855 1933 977 1997; x_wconf 83' lang='lat' dir='ltr'><strong>suroris</strong></span> 
     </span>
     <span class='ocr_line' id='line_1_18' title="bbox 73 2038 990 2125; baseline 0 -23"><span class='ocrx_word' id='word_1_117' title='bbox 73 2040 220 2123; x_wconf 87' lang='lat' dir='ltr'><strong>prodere</strong></span> <span class='ocrx_word' id='word_1_118' title='bbox 237 2061 308 2103; x_wconf 93' lang='lat' dir='ltr'><strong>rem</strong></span> <span class='ocrx_word' id='word_1_119' title='bbox 326 2038 486 2103; x_wconf 88' lang='lat' dir='ltr'><strong>Danaam</strong></span> <span class='ocrx_word' id='word_1_120' title='bbox 504 2041 614 2111; x_wconf 85' lang='lat' dir='ltr'><strong>linxit,</strong></span> <span class='ocrx_word' id='word_1_121' title='bbox 633 2040 818 2125; x_wconf 86' lang='lat' dir='ltr'><strong>fictumque</strong></span> <span class='ocrx_word' id='word_1_122' title='bbox 835 2039 990 2122; x_wconf 92' lang='lat' dir='ltr'><strong>probavit</strong></span> 
     </span>
     <span class='ocr_line' id='line_1_19' title="bbox 73 2145 1126 2234; baseline 0 -24"><span class='ocrx_word' id='word_1_123' title='bbox 73 2147 218 2221; x_wconf 89' lang='lat' dir='ltr'><strong>crimen,</strong></span> <span class='ocrx_word' id='word_1_124' title='bbox 236 2157 269 2210; x_wconf 93' lang='lat' dir='ltr'><strong>et</strong></span> <span class='ocrx_word' id='word_1_125' title='bbox 285 2146 443 2219; x_wconf 86' lang='lat' dir='ltr'><strong>ostendit,</strong></span> <span class='ocrx_word' id='word_1_126' title='bbox 461 2147 553 2232; x_wconf 94' lang='lat' dir='ltr'><strong>quod</strong></span> <span class='ocrx_word' id='word_1_127' title='bbox 566 2145 637 2234; x_wconf 90' lang='lat' dir='ltr'><strong>jam</strong></span> <span class='ocrx_word' id='word_1_128' title='bbox 656 2146 885 2230; x_wconf 84' lang='lat' dir='ltr'><strong>praefoderat,</strong></span> <span class='ocrx_word' id='word_1_129' title='bbox 905 2167 1038 2210; x_wconf 90' lang='lat' dir='ltr'><strong>aurum.</strong></span> <span class='ocrx_word' id='word_1_130' title='bbox 1091 2163 1126 2216; x_wconf 85' lang='lat'><strong>60</strong></span> 
     </span>
    </p>

    <p class='ocr_par' dir='ltr' id='par_1_5' title="bbox 66 2251 1124 3517">
     <span class='ocr_line' id='line_1_20' title="bbox 121 2251 912 2339; baseline 0 -23"><span class='ocrx_word' id='word_1_131' title='bbox 121 2251 240 2339; x_wconf 87' lang='lat' dir='ltr'><strong>‘Ergo</strong></span> <span class='ocrx_word' id='word_1_132' title='bbox 257 2264 314 2316; x_wconf 88' lang='lat' dir='ltr'><strong>aut</strong></span> <span class='ocrx_word' id='word_1_133' title='bbox 330 2253 451 2318; x_wconf 91' lang='lat' dir='ltr'><strong>exsilio</strong></span> <span class='ocrx_word' id='word_1_134' title='bbox 467 2253 557 2317; x_wconf 91' lang='lat' dir='ltr'><strong>vires</strong></span> <span class='ocrx_word' id='word_1_135' title='bbox 574 2253 737 2318; x_wconf 89' lang='lat' dir='ltr'><strong>subduxit</strong></span> <span class='ocrx_word' id='word_1_136' title='bbox 753 2251 912 2326; x_wconf 86' lang='lat' dir='ltr'><strong>Achivis,</strong></span> 
     </span>
     <span class='ocr_line' id='line_1_21' title="bbox 72 2359 998 2446; baseline -0.001 -23"><span class='ocrx_word' id='word_1_137' title='bbox 72 2370 132 2423; x_wconf 90' lang='lat' dir='ltr'><strong>aut</strong></span> <span class='ocrx_word' id='word_1_138' title='bbox 148 2379 255 2423; x_wconf 88' lang='lat' dir='ltr'><strong>nece:</strong></span> <span class='ocrx_word' id='word_1_139' title='bbox 280 2359 331 2423; x_wconf 93' lang='lat' dir='ltr'><strong>sic</strong></span> <span class='ocrx_word' id='word_1_140' title='bbox 348 2370 491 2446; x_wconf 86' lang='lat' dir='ltr'><strong>pugnat,</strong></span> <span class='ocrx_word' id='word_1_141' title='bbox 510 2359 560 2424; x_wconf 91' lang='lat' dir='ltr'><strong>sic</strong></span> <span class='ocrx_word' id='word_1_142' title='bbox 576 2372 627 2424; x_wconf 86' lang='lat' dir='ltr'><strong>est</strong></span> <span class='ocrx_word' id='word_1_143' title='bbox 643 2360 846 2424; x_wconf 87' lang='lat' dir='ltr'><strong>metuendus</strong></span> <span class='ocrx_word' id='word_1_144' title='bbox 863 2359 998 2425; x_wconf 81' lang='lat' dir='ltr'><strong>Ulixes.</strong></span> 
     </span>
     <span class='ocr_line' id='line_1_22' title="bbox 70 2464 965 2553; baseline 0.001 -24"><span class='ocrx_word' id='word_1_145' title='bbox 70 2465 130 2551; x_wconf 93' lang='lat' dir='ltr'><strong>qui</strong></span> <span class='ocrx_word' id='word_1_146' title='bbox 149 2464 229 2528; x_wconf 92' lang='lat' dir='ltr'><strong>licet</strong></span> <span class='ocrx_word' id='word_1_147' title='bbox 245 2465 379 2551; x_wconf 91' lang='lat' dir='ltr'><strong>eloquio</strong></span> <span class='ocrx_word' id='word_1_148' title='bbox 396 2466 502 2530; x_wconf 88' lang='lat' dir='ltr'><strong>fidum</strong></span> <span class='ocrx_word' id='word_1_149' title='bbox 519 2488 654 2553; x_wconf 92' lang='lat' dir='ltr'><strong>quoque</strong></span> <span class='ocrx_word' id='word_1_150' title='bbox 672 2465 820 2531; x_wconf 89' lang='lat' dir='ltr'><strong>Nestora</strong></span> <span class='ocrx_word' id='word_1_151' title='bbox 838 2467 965 2541; x_wconf 88' lang='lat' dir='ltr'><strong>vincat,</strong></span> 
     </span>
     <span class='ocr_line' id='line_1_23' title="bbox 71 2571 1007 2646; baseline 0.005 -11"><span class='ocrx_word' id='word_1_152' title='bbox 71 2571 167 2635; x_wconf 91' lang='lat' dir='ltr'><strong>haud</strong></span> <span class='ocrx_word' id='word_1_153' title='bbox 184 2582 299 2636; x_wconf 88' lang='lat' dir='ltr'><strong>tamen</strong></span> <span class='ocrx_word' id='word_1_154' title='bbox 316 2571 452 2646; x_wconf 89' lang='lat' dir='ltr'><strong>efficiet,</strong></span> <span class='ocrx_word' id='word_1_155' title='bbox 470 2573 640 2637; x_wconf 88' lang='lat' dir='ltr'><strong>desertum</strong></span> <span class='ocrx_word' id='word_1_156' title='bbox 659 2584 694 2638; x_wconf 91' lang='lat' dir='ltr'><strong>ut</strong></span> <span class='ocrx_word' id='word_1_157' title='bbox 712 2573 860 2639; x_wconf 88' lang='lat' dir='ltr'><strong>Nestora</strong></span> <span class='ocrx_word' id='word_1_158' title='bbox 878 2575 1007 2640; x_wconf 85' lang='lat' dir='ltr'><strong>crimen</strong></span> 
     </span>
     <span class='ocr_line' id='line_1_24' title="bbox 70 2678 1123 2766; baseline 0.01 -25"><span class='ocrx_word' id='word_1_159' title='bbox 70 2699 149 2742; x_wconf 93' lang='lat' dir='ltr'><strong>esse</strong></span> <span class='ocrx_word' id='word_1_160' title='bbox 166 2698 244 2741; x_wconf 89' lang='lat' dir='ltr'><strong>rear</strong></span> <span class='ocrx_word' id='word_1_161' title='bbox 260 2678 413 2742; x_wconf 84' lang='lat' dir='ltr'><strong>nullum:</strong></span> <span class='ocrx_word' id='word_1_162' title='bbox 437 2679 494 2765; x_wconf 93' lang='lat' dir='ltr'><strong>qui</strong></span> <span class='ocrx_word' id='word_1_163' title='bbox 512 2699 591 2744; x_wconf 92' lang='lat' dir='ltr'><strong>cum</strong></span> <span class='ocrx_word' id='word_1_164' title='bbox 611 2681 809 2764; x_wconf 90' lang='lat' dir='ltr'><strong>imploraret</strong></span> <span class='ocrx_word' id='word_1_165' title='bbox 826 2681 953 2747; x_wconf 88' lang='lat' dir='ltr'><strong>Ulixen</strong></span> <span class='ocrx_word' id='word_1_166' title='bbox 1089 2699 1123 2766; x_wconf 80' lang='lat'><strong>65</strong></span> 
     </span>
     <span class='ocr_line' id='line_1_25' title="bbox 69 2785 965 2872; baseline 0.007 -25"><span class='ocrx_word' id='word_1_167' title='bbox 69 2785 215 2848; x_wconf 91' lang='lat' dir='ltr'><strong>vulnere</strong></span> <span class='ocrx_word' id='word_1_168' title='bbox 231 2785 348 2848; x_wconf 88' lang='lat' dir='ltr'><strong>tardus</strong></span> <span class='ocrx_word' id='word_1_169' title='bbox 365 2786 456 2872; x_wconf 92' lang='lat' dir='ltr'><strong>equi,</strong></span> <span class='ocrx_word' id='word_1_170' title='bbox 477 2785 653 2872; x_wconf 84' lang='lat' dir='ltr'><strong>fessusque</strong></span> <span class='ocrx_word' id='word_1_171' title='bbox 670 2788 834 2853; x_wconf 89' lang='lat' dir='ltr'><strong>senilibus</strong></span> <span class='ocrx_word' id='word_1_172' title='bbox 852 2790 965 2863; x_wconf 88' lang='lat' dir='ltr'><strong>annis,</strong></span> 
     </span>
     <span class='ocr_line' id='line_1_26' title="bbox 69 2891 1047 2985; baseline 0.007 -31"><span class='ocrx_word' id='word_1_173' title='bbox 69 2891 225 2976; x_wconf 88' lang='lat' dir='ltr'><strong>proditus</strong></span> <span class='ocrx_word' id='word_1_174' title='bbox 243 2911 263 2954; x_wconf 92' lang='lat' dir='ltr'><strong>a</strong></span> <span class='ocrx_word' id='word_1_175' title='bbox 280 2891 373 2956; x_wconf 90' lang='lat' dir='ltr'><strong>socio</strong></span> <span class='ocrx_word' id='word_1_176' title='bbox 389 2903 451 2956; x_wconf 89' lang='lat' dir='ltr'><strong>est.</strong></span> <span class='ocrx_word' id='word_1_177' title='bbox 499 2891 579 2958; x_wconf 92' lang='lat' dir='ltr'><strong>Non</strong></span> <span class='ocrx_word' id='word_1_178' title='bbox 599 2895 685 2959; x_wconf 87' lang='lat' dir='ltr'><strong>haec</strong></span> <span class='ocrx_word' id='word_1_179' title='bbox 703 2896 786 2960; x_wconf 90' lang='lat' dir='ltr'><strong>mihi</strong></span> <span class='ocrx_word' id='word_1_180' title='bbox 803 2896 947 2961; x_wconf 90' lang='lat' dir='ltr'><strong>crimina</strong></span> <span class='ocrx_word' id='word_1_181' title='bbox 964 2897 1047 2985; x_wconf 85' lang='lat' dir='ltr'><strong>fingi</strong></span> 
     </span>
     <span class='ocr_line' id='line_1_27' title="bbox 69 2997 953 3086; baseline 0.006 -24"><span class='ocrx_word' id='word_1_182' title='bbox 69 2998 134 3062; x_wconf 90' lang='lat' dir='ltr'><strong>scit</strong></span> <span class='ocrx_word' id='word_1_183' title='bbox 152 2998 240 3061; x_wconf 91' lang='lat' dir='ltr'><strong>bene</strong></span> <span class='ocrx_word' id='word_1_184' title='bbox 257 2997 424 3084; x_wconf 85' lang='lat' dir='ltr'><strong>Tydides,</strong></span> <span class='ocrx_word' id='word_1_185' title='bbox 443 2999 500 3086; x_wconf 94' lang='lat' dir='ltr'><strong>qui</strong></span> <span class='ocrx_word' id='word_1_186' title='bbox 519 3001 656 3066; x_wconf 91' lang='lat' dir='ltr'><strong>nomine</strong></span> <span class='ocrx_word' id='word_1_187' title='bbox 675 3024 779 3086; x_wconf 91' lang='lat' dir='ltr'><strong>saepe</strong></span> <span class='ocrx_word' id='word_1_188' title='bbox 795 3016 953 3067; x_wconf 90' lang='lat' dir='ltr'><strong>vocatum</strong></span> 
     </span>
     <span class='ocr_line' id='line_1_28' title="bbox 68 3103 974 3195; baseline 0.006 -26"><span class='ocrx_word' id='word_1_189' title='bbox 68 3103 245 3188; x_wconf 90' lang='lat' dir='ltr'><strong>corripuit,</strong></span> <span class='ocrx_word' id='word_1_190' title='bbox 263 3104 462 3191; x_wconf 88' lang='lat' dir='ltr'><strong>trepidoque</strong></span> <span class='ocrx_word' id='word_1_191' title='bbox 479 3105 598 3195; x_wconf 85' lang='lat' dir='ltr'><strong>sugam</strong></span> <span class='ocrx_word' id='word_1_192' title='bbox 617 3110 836 3194; x_wconf 86' lang='lat' dir='ltr'><strong>exprobravit</strong></span> <span class='ocrx_word' id='word_1_193' title='bbox 852 3110 974 3174; x_wconf 90' lang='lat' dir='ltr'><strong>amico.</strong></span> 
     </span>
     <span class='ocr_line' id='line_1_29' title="bbox 68 3210 1124 3304; baseline 0.013 -29"><span class='ocrx_word' id='word_1_194' title='bbox 68 3210 240 3295; x_wconf 91' lang='lat' dir='ltr'><strong>aspiciunt</strong></span> <span class='ocrx_word' id='word_1_195' title='bbox 257 3211 366 3276; x_wconf 88' lang='lat' dir='ltr'><strong>oculis</strong></span> <span class='ocrx_word' id='word_1_196' title='bbox 383 3214 497 3298; x_wconf 90' lang='lat' dir='ltr'><strong>superi</strong></span> <span class='ocrx_word' id='word_1_197' title='bbox 516 3217 671 3280; x_wconf 90' lang='lat' dir='ltr'><strong>mortalia</strong></span> <span class='ocrx_word' id='word_1_198' title='bbox 685 3216 805 3304; x_wconf 89' lang='lat' dir='ltr'><strong>justis:</strong></span> <span class='ocrx_word' id='word_1_199' title='bbox 1090 3248 1124 3301; x_wconf 91' lang='lat'><strong>70</strong></span> 
     </span>
     <span class='ocr_line' id='line_1_30' title="bbox 67 3317 935 3410; baseline 0.009 -30"><span class='ocrx_word' id='word_1_200' title='bbox 67 3339 112 3381; x_wconf 91' lang='lat' dir='ltr'><strong>en</strong></span> <span class='ocrx_word' id='word_1_201' title='bbox 129 3329 210 3403; x_wconf 84' lang='lat' dir='ltr'><strong>eget</strong></span> <span class='ocrx_word' id='word_1_202' title='bbox 227 3317 368 3394; x_wconf 88' lang='lat' dir='ltr'><strong>auxilio,</strong></span> <span class='ocrx_word' id='word_1_203' title='bbox 387 3322 532 3409; x_wconf 91' lang='lat' dir='ltr'><strong>quinon</strong></span> <span class='ocrx_word' id='word_1_204' title='bbox 550 3323 645 3397; x_wconf 89' lang='lat' dir='ltr'><strong>tulit;</strong></span> <span class='ocrx_word' id='word_1_205' title='bbox 670 3337 772 3410; x_wconf 92' lang='lat' dir='ltr'><strong>utque</strong></span> <span class='ocrx_word' id='word_1_206' title='bbox 789 3323 935 3410; x_wconf 90' lang='lat' dir='ltr'><strong>reliquit,</strong></span> 
     </span>
     <span class='ocr_line' id='line_1_31' title="bbox 66 3423 925 3517; baseline 0.005 -29"><span class='ocrx_word' id='word_1_207' title='bbox 66 3424 118 3488; x_wconf 95' lang='lat' dir='ltr'><strong>sic</strong></span> <span class='ocrx_word' id='word_1_208' title='bbox 135 3423 342 3509; x_wconf 91' lang='lat' dir='ltr'><strong>linquendus</strong></span> <span class='ocrx_word' id='word_1_209' title='bbox 360 3440 453 3493; x_wconf 87' lang='lat' dir='ltr'><strong>erat:</strong></span> <span class='ocrx_word' id='word_1_210' title='bbox 479 3429 593 3517; x_wconf 85' lang='lat' dir='ltr'><strong>legem</strong></span> <span class='ocrx_word' id='word_1_211' title='bbox 610 3430 673 3494; x_wconf 91' lang='lat' dir='ltr'><strong>sibi</strong></span> <span class='ocrx_word' id='word_1_212' title='bbox 692 3431 824 3494; x_wconf 87' lang='lat' dir='ltr'><strong>dixerat</strong></span> <span class='ocrx_word' id='word_1_213' title='bbox 840 3431 925 3515; x_wconf 89' lang='lat' dir='ltr'><strong>ipse.</strong></span> 
     </span>
    </p>

    <p class='ocr_par' dir='ltr' id='par_1_6' title="bbox 61 3529 1133 3942">
     <span class='ocr_line' id='line_1_32' title="bbox 114 3529 1102 3622; baseline 0.004 -28"><span class='ocrx_word' id='word_1_214' title='bbox 114 3529 347 3599; x_wconf 82' lang='lat' dir='ltr'><strong>‘Conclamat</strong></span> <span class='ocrx_word' id='word_1_215' title='bbox 365 3535 488 3600; x_wconf 88' lang='lat' dir='ltr'><strong>socios.</strong></span> <span class='ocrx_word' id='word_1_216' title='bbox 537 3533 694 3611; x_wconf 82' lang='lat' dir='ltr'><strong>Adsum3</strong></span> <span class='ocrx_word' id='word_1_217' title='bbox 720 3537 887 3622; x_wconf 88' lang='lat' dir='ltr'><strong>videoque</strong></span> <span class='ocrx_word' id='word_1_218' title='bbox 904 3548 1102 3601; x_wconf 84' lang='lat' dir='ltr'><strong>trementem</strong></span> 
     </span>
     <span class='ocr_line' id='line_1_33' title="bbox 65 3638 1089 3727; baseline 0.003 -26"><span class='ocrx_word' id='word_1_219' title='bbox 65 3638 325 3727; x_wconf 90' lang='lat' dir='ltr'><strong>pallentemque</strong></span> <span class='ocrx_word' id='word_1_220' title='bbox 342 3653 434 3706; x_wconf 90' lang='lat' dir='ltr'><strong>metu</strong></span> <span class='ocrx_word' id='word_1_221' title='bbox 452 3652 484 3706; x_wconf 91' lang='lat' dir='ltr'><strong>et</strong></span> <span class='ocrx_word' id='word_1_222' title='bbox 500 3642 724 3726; x_wconf 90' lang='lat' dir='ltr'><strong>trepidantem</strong></span> <span class='ocrx_word' id='word_1_223' title='bbox 743 3654 850 3707; x_wconf 87' lang='lat' dir='ltr'><strong>morte</strong></span> <span class='ocrx_word' id='word_1_224' title='bbox 866 3642 991 3706; x_wconf 84' lang='lat' dir='ltr'><strong>futura.</strong></span> <span class='ocrx_word' id='word_1_225' title='bbox 1086 3648 1089 3652; x_wconf 86' lang='grc'><strong><em>’</em></strong></span> 
     </span>
     <span class='ocr_line' id='line_1_34' title="bbox 64 3746 1120 3836; baseline 0.002 -26"><span class='ocrx_word' id='word_1_226' title='bbox 64 3746 214 3832; x_wconf 90' lang='lat' dir='ltr'><strong>opposui</strong></span> <span class='ocrx_word' id='word_1_227' title='bbox 234 3747 358 3812; x_wconf 91' lang='lat' dir='ltr'><strong>molem</strong></span> <span class='ocrx_word' id='word_1_228' title='bbox 377 3747 492 3832; x_wconf 90' lang='lat' dir='ltr'><strong>clipei,</strong></span> <span class='ocrx_word' id='word_1_229' title='bbox 510 3747 648 3833; x_wconf 89' lang='lat' dir='ltr'><strong>texique</strong></span> <span class='ocrx_word' id='word_1_230' title='bbox 661 3747 848 3836; x_wconf 87' lang='lat' dir='ltr'><strong>jacentem,</strong></span> <span class='ocrx_word' id='word_1_231' title='bbox 1088 3779 1120 3833; x_wconf 78' lang='lat'><strong>75</strong></span> 
     </span>
     <span class='ocr_line' id='line_1_35' title="bbox 61 3851 1133 3942; baseline 0.003 -27"><span class='ocrx_word' id='word_1_232' title='bbox 61 3852 267 3932; x_wconf 75' lang='lat' dir='ltr'><strong>servavique</strong></span> <span class='ocrx_word' id='word_1_233' title='bbox 282 3853 434 3915; x_wconf 81' lang='lat' dir='ltr'><strong>animam</strong></span> <span class='ocrx_word' id='word_1_234' title='bbox 451 3851 657 3938; x_wconf 87' lang='lat' dir='ltr'><strong>(minimum</strong></span> <span class='ocrx_word' id='word_1_235' title='bbox 672 3867 725 3926; x_wconf 90' lang='lat' dir='ltr'><strong>est</strong></span> <span class='ocrx_word' id='word_1_236' title='bbox 739 3857 811 3926; x_wconf 88' lang='lat' dir='ltr'><strong>hoc</strong></span> <span class='ocrx_word' id='word_1_237' title='bbox 823 3856 961 3942; x_wconf 38' lang='lat' dir='ltr'><strong>laudis&amp;</strong></span> <span class='ocrx_word' id='word_1_238' title='bbox 970 3855 1133 3922; x_wconf 77' lang='lat' dir='ltr'><strong>inertem.</strong></span> 
     </span>
    </p>
   </div>
   <div class='ocr_carea' id='block_1_3' title="bbox 0 0 1226 4134">
    <p class='ocr_par' dir='ltr' id='par_1_7' title="bbox 0 0 1226 4134">
     <span class='ocr_line' id='line_1_36' title="bbox 0 0 1226 4134; baseline 0 2"><span class='ocrx_word' id='word_1_239' title='bbox 0 0 1226 4134; x_wconf 95' lang='lat' dir='ltr'><strong> </strong></span> 
     </span>
    </p>
   </div>
  </div>
 </body>
</html>
