2444 4134
73 102 106 157 X.
118 101 176 174 74]
338 83 540 167 Half-raon,
559 82 619 146 but
641 81 706 146 lost
728 84 849 168 agatii.

72 300 268 366 exsangues
283 278 413 344 flebant
429 279 586 351 animae3
613 298 677 343 nec
692 278 863 343 Tantalus
880 277 1008 342 undam

71 387 218 472 captavit
234 387 406 474 refugam,
426 387 620 471 stupuitque
638 384 768 449 Ixionis
784 384 888 459 orbis,

69 515 129 557 nec
146 514 310 578 carpsere
323 493 422 581 jecur
436 492 607 566 volucres,
626 493 790 577 urnisque
806 502 973 555 vacarunt

68 597 219 674 Belides,
238 599 343 685 inque
359 612 416 664 tuo
434 599 562 673 sedisti,
582 597 747 685 Sisyphe,
765 620 861 693 saxo.

67 719 146 770 tunc
163 707 315 791 primum
332 705 483 770 lacrimis
500 705 665 769 victarum
684 706 835 769 carmine
853 705 944 768 fama
961 715 1012 769 est
1087 733 1122 788 45

66 811 303 876 Eumenidum
321 812 494 876 maduisse
511 833 632 899 genas.
683 810 760 875 Nec
777 811 873 898 regia
891 810 1042 899 conjunx

66 919 210 983 sustinet
225 918 349 992 oranti,
368 939 433 982 nec
449 919 505 1005 qui
524 919 613 1005 regit
629 918 712 992 ima,
732 938 881 1004 negare:

66 1024 335 1112 Eurydicenque
352 1037 487 1090 vocant.
537 1025 688 1090 Umbras
705 1035 776 1088 erat
793 1024 851 1087 illa
868 1034 1023 1088 recentes

65 1132 166 1207 inter,
187 1145 220 1197 et
236 1132 376 1196 incessit
392 1153 496 1216 passu
513 1133 555 1196 de
572 1132 714 1195 vulnere
730 1131 839 1195 tardo.

67 1240 159 1303 hanc
176 1239 279 1303 simul
297 1250 329 1302 et
347 1239 461 1326 legem
478 1237 707 1322 Rhodopeius
724 1236 848 1322 accipit
865 1238 976 1312 heroe,
1089 1267 1122 1322 50

67 1368 110 1408 ne
127 1345 244 1409 flectat
260 1357 349 1408 retro
366 1367 429 1408 sua
446 1344 590 1418 lumina,
609 1344 720 1409 donec
735 1342 895 1408 Avernas

67 1452 189 1516 exierit
205 1452 325 1526 valles,
345 1464 404 1515 aut
419 1451 511 1515 irrita
529 1450 620 1515 dona
637 1451 761 1515 sutura.

112 1557 276 1643 Carpitur
293 1558 433 1622 acclivis
449 1579 510 1642 per
528 1569 620 1621 muta
638 1558 773 1622 silentia
790 1570 930 1631 trameS,

66 1666 209 1740 arduus,
228 1665 406 1738 obscurus,
427 1665 576 1751 caligine
594 1665 721 1728 densus
738 1686 860 1749 opaca.

65 1792 133 1836 nec
149 1772 268 1856 procul
286 1771 445 1835 afuerunt
460 1772 590 1835 telluris
608 1773 763 1858 margine
781 1793 957 1836 summae:
1087 1801 1120 1859 55

65 1878 138 1952 hic,
157 1899 200 1942 ne
217 1878 377 1942 deficeret
395 1891 562 1952 metuens,
581 1878 770 1964 avidusque
787 1879 940 1955 videndi,

64 1984 163 2049 flexit
180 2006 301 2049 amans
316 1985 454 2059 oculos3
479 2000 512 2048 et
527 1985 680 2069 protinus
698 1985 755 2048 illa
773 1986 907 2069 relapsa
925 1997 987 2060 est,

64 2092 299 2180 bracchiaque
316 2093 495 2157 intendens
513 2093 702 2180 prendique
720 2104 753 2156 et
769 2094 937 2177 prendere
955 2106 1097 2179 captans

64 2201 116 2266 nil
133 2200 199 2265 nisi
217 2201 376 2264 cedentes
393 2199 513 2263 infelix
531 2199 649 2285 arripit
665 2222 778 2264 auras.

60 2308 208 2400 jamque
224 2308 346 2372 iterum
364 2308 512 2372 moriens
530 2330 597 2372 non
616 2320 665 2372 est
682 2309 723 2373 de
742 2308 889 2397 conjuge
906 2308 1091 2395 quicquam

64 2428 189 2505 questa
205 2439 289 2483 suo:
315 2418 397 2507 quid
414 2419 504 2484 enim
522 2418 587 2482 nisi
604 2440 641 2484 se
657 2431 855 2504 quereretur
873 2416 1045 2482 amatam?

65 2546 336 2613 supremumque
365 2525 480 2592 Vale!
503 2528 594 2613 quod
607 2527 679 2615 jam
696 2527 755 2591 vix
773 2527 911 2592 auribus
928 2527 985 2591 ille

66 2633 253 2718 acciperet,
272 2633 369 2707 dixit,
389 2635 609 2721 revolutaque
627 2656 743 2699 rursus
761 2634 880 2698 eodem
899 2646 962 2698 est.

114 2738 196 2806 Non
214 2741 311 2805 aliter
327 2740 454 2825 stupuit
468 2742 607 2828 gemina
624 2762 709 2806 nece
726 2740 883 2828 conjugis
901 2739 1075 2825 OrpheuS,

65 2866 174 2931 quam
190 2844 254 2909 tria
270 2845 328 2931 qui
346 2845 497 2921 timidus,
517 2846 630 2911 medio
647 2857 802 2930 portante
819 2859 972 2919 'catenas
1088 2861 1121 2930 65

66 2953 159 3051 colla
176 2951 272 3017 canis
288 2952 392 3026 vidit;
416 2975 517 3039 quem
537 2975 604 3017 non
622 2975 728 3038 pavor
745 2966 822 3018 ante
840 2952 985 3039 reliquit,

66 3081 174 3145 quam
192 3073 313 3123 natura
330 3059 433 3144 prior,
450 3081 534 3124 saxo
551 3081 612 3145 per
629 3082 752 3145 corpus
769 3062 907 3125 oborto:

66 3167 198 3253 quique
214 3166 249 3231 in
267 3188 304 3231 se
321 3167 449 3248 crimen
467 3167 568 3230 traxit
586 3167 757 3253 voluitque
774 3167 881 3232 videri

68 3272 202 3338 Olenos
219 3294 295 3338 esse
312 3293 453 3346 nocens,
472 3284 575 3359 tuque
592 3273 624 3338 Ο
641 3275 770 3339 confisa
788 3275 935 3362 figurae,

68 3377 192 3442 infelix
208 3376 378 3452 Lethaea,
397 3387 489 3451 tuae,
504 3375 718 3464 junctissima
735 3380 910 3465 quondam
1091 3408 1124 3462 70

69 3495 224 3571 pectora,
243 3504 336 3547 nunc
352 3483 497 3567 lapides,
515 3504 600 3568 quos
618 3484 759 3548 humida
777 3486 917 3550 sustinet
934 3485 1008 3552 Ide.

115 3590 283 3659 Orantem
300 3591 491 3676 frustraque
507 3590 628 3654 iterum
645 3592 788 3656 transire
805 3593 977 3659 volentem

68 3698 212 3786 portitor
229 3708 395 3763 arcuerat.
446 3696 586 3780 Septem
602 3707 716 3760 tamen
733 3697 790 3762 ille
809 3698 928 3764 diebus

70 3801 299 3891 squalidusin
313 3804 389 3888 ripa
407 3801 544 3871 Cereris
561 3803 636 3870 sine
654 3826 800 3873 munere
818 3805 929 3886 sedit,

680 3930 989 4081 347502
