2444 4134
64 130 153 189 xlll.
167 135 245 208 345]
482 120 702 187 Philoctetes.

24 394 28 399 ·
65 320 209 378 cnmina
223 319 243 377 τ’
257 317 403 395 vidistis,
421 318 596 404 pretioque
612 317 746 404 objecta
762 315 937 403 patebant.

108 419 189 484 Nec
205 420 441 489 Poeantiaden
458 426 549 510 quod
567 425 670 487 hahet
685 422 858 487 Vulcania
875 421 1040 498 Lemnos,

66 548 138 591 esse
156 548 239 592 reus
257 531 386 594 merui:
412 531 538 595 facturn
556 529 729 602 defendite
746 541 917 604 vestrum;

65 635 288 700 consensistis
304 637 409 700 enirn.
458 636 536 701 Nec
553 657 607 700 me
624 635 774 700 suasisse
792 638 941 724 negab0‚
1068 665 1118 720 3¹5

65 751 99 803 ut
113 761 151 804 se
170 740 386 808 subtraheret
400 743 549 829 bellique
566 742 710 828 viaeque
727 742 848 818 labori,

64 859 314 933 temptaretque
332 849 422 913 seros
439 849 555 934 requie
573 848 680 911 lenire
698 849 853 915 dolores:

64 954 191 1038 paruit,
209 964 244 1017 et
259 954 352 1019 vivit.
402 954 483 1019 Non
501 957 587 1018 haec
604 955 771 1019 sententia
789 968 918 1020 tantum

64 1060 147 1134 fida,
166 1060 229 1125 sed
245 1072 280 1125 et
295 1060 399 1135 selix3
425 1081 503 1125 cum
522 1061 564 1125 sit
579 1061 673 1135 satis,
693 1084 768 1126 esse
785 1062 937 1127 fidelem.

63 1189 168 1253 quem
185 1167 348 1253 quoniam
367 1178 461 1232 vates
478 1167 625 1232 delenda
638 1168 683 1232 ad
700 1166 871 1256 Pergama
889 1179 1046 1253 poscunt,
1067 1199 1119 1254 320

64 1296 108 1339 ne
126 1274 290 1337 mandate
308 1274 413 1337 mihi:
440 1274 561 1338 melius
577 1274 802 1339 Telamonius
819 1275 893 1351 ibit,

64 1380 271 1467 eloquioque
288 1380 399 1443 virum
417 1380 544 1445 morbis
561 1381 678 1466 iraque
695 1380 863 1445 furentem

64 1488 209 1561 molliet,
229 1499 286 1551 aut
303 1488 418 1573 aliqua
436 1488 600 1572 producet
615 1488 761 1552 callidus
778 1501 861 1552 arte.

65 1607 145 1661 ante
163 1607 253 1658 retro
269 1593 398 1659 Simois
414 1592 508 1668 fluet,
528 1607 560 1658 et
576 1594 649 1658 sine
666 1595 843 1660 frondibus
862 1595 923 1660 Ide

64 1702 180 1777 stabit,
200 1711 233 1765 et
250 1701 415 1765 auxilium
433 1700 602 1786 promittet
618 1701 755 1765 Achaia
771 1701 912 1789 Trojae,
1068 1732 1118 1787 325

64 1830 186 1896 quam,
205 1819 362 1873 cessante
380 1830 457 1872 meo
474 1829 535 1893 pro
552 1807 671 1872 vestris
688 1820 825 1892 pectore
842 1811 956 1886 rebus,

65 1915 188 2004 Ajacis
205 1915 317 1980 stolidi
335 1914 468 1979 Danais
485 1914 634 1979 sollertia
652 1915 768 1998 prosit.

66 2025 114 2088 sis
131 2023 211 2087 licet
227 2022 368 2086 infestus
386 2021 501 2095 sociis,
519 2021 675 2108 regique,
695 2022 861 2108 mihique,

66 2131 154 2194 dure
171 2126 380 2193 Philoctete:
406 2127 485 2192 licet
501 2149 692 2202 exsecrere,
713 2149 896 2214 meumque

66 2238 241 2301 devoveas
258 2235 331 2300 sine
348 2235 415 2298 line
432 2247 547 2320 caput,
567 2233 753 2321 cupiasque
770 2235 898 2300 dolenti
1068 2267 1120 2319 330

67 2364 124 2407 me
141 2342 201 2406 tibi
218 2342 301 2407 sorte
318 2341 405 2414 dari,
424 2352 645 2426 nostrumque
663 2341 798 2404 haurire
816 2362 994 2417 cruorem;

66 2461 172 2535 utque
189 2448 236 2512 tui
253 2448 350 2522 mihi,
369 2447 418 2512 sic
435 2447 494 2513 fiat
510 2447 568 2511 tibi
586 2446 684 2529 copia
701 2447 827 2511 nostri:

65 2568 100 2620 te
117 2568 232 2619 tamen
251 2554 449 2641 aggrediar,
469 2575 672 2639 mecumque
689 2555 853 2618 reducere
869 2525 978 2629 nitar3

66 2674 208 2747 tamque
225 2661 290 2725 tuis
307 2660 429 2745 potiar,
448 2660 561 2725 faveat
579 2660 742 2734 Fortuna,
761 2660 907 2747 sagittis,

66 2787 173 2852 quam
192 2787 267 2829 sum
286 2763 474 2838 Dardanio,
493 2785 594 2850 quem
613 2763 702 2847 cepi,
721 2776 797 2827 vate
815 2765 958 2848 potitus3
1068 2797 1120 2851 335

67 2894 174 2959 quarn
191 2892 354 2956 responsa
372 2872 474 2935 deum
491 2871 712 2958 Trojanaque
729 2870 797 2934 sata
815 2871 942 2945 retexi3

66 3001 172 3066 quam
191 2979 288 3063 rapui
306 2977 480 3066 Phrygiae
498 2979 636 3065 signum
654 2977 828 3062 penetrale
845 2976 1025 3043 Minervae

67 3087 223 3151 hostibus
240 3107 259 3150 e
277 3086 409 3150 mediis.
459 3083 503 3149 Et
518 3106 555 3149 se
573 3085 656 3148 mihi
675 3094 850 3168 comparat
866 3083 980 3171 Ajax?

67 3213 195 3277 nempe
212 3192 289 3277 capi
305 3191 446 3279 Trojam
465 3190 691 3276 prohibebant
707 3190 776 3255 sata
793 3191 866 3254 sine
884 3190 961 3254 illis.

116 3298 251 3363 ‘Fortis
266 3297 325 3363 ubi
341 3311 393 3363 est
408 3295 523 3384 Ajax?
549 3297 606 3360 ubi
624 3310 702 3361 sunt
718 3298 870 3384 ingentia
888 3297 1005 3385 magni
1068 3330 1120 3383 340

66 3406 175 3472 verba
192 3403 278 3469 viri?
301 3426 362 3470 cur
379 3404 435 3468 hic
452 3400 595 3466 metuis?
620 3422 681 3466 cur
698 3404 800 3468 audet
817 3403 940 3470 Ulixes

65 3513 118 3578 ire
136 3533 198 3597 per
213 3511 390 3585 excubias,
409 3520 443 3574 et
457 3530 494 3573 se
511 3507 720 3572 committere
737 3508 850 3575 nocti?

67 3640 199 3707 perque
215 3618 306 3683 seros
322 3638 422 3682 enses
439 3635 506 3678 non
525 3625 655 3678 tantum
673 3615 809 3679 moenia
826 3616 972 3692 Troum,

66 3748 189 3792 verum
206 3725 308 3792 etiam
324 3742 477 3789 summas
495 3741 590 3783 arces
608 3719 745 3794 intrare,
765 3742 895 3808 suaque

66 3833 200 3913 eripere
212 3831 300 3894 aede
314 3831 428 3903 deam,
447 3841 654 3918 raptamque
672 3827 812 3896 adferre
826 3850 888 3920 per
902 3827 1043 3900 hostesi
1078 3864 1139 3920 qq.
