2444 4134
156 113 185 168 3,
197 98 261 173 92]
423 82 607 150 Bamshed
617 85 720 167 from
744 80 868 147 Rome.

122 278 227 363 Saepe
243 281 365 345 eadem
384 281 546 346 mandata
562 278 655 356 dedi,
674 300 797 366 meque
814 279 887 366 ipse
904 278 1022 355 seselli,

155 385 365 470 Respiciens
381 387 490 451 oculis
507 386 653 473 pignora
670 407 751 450 cara
768 387 864 450 meis.
1130 402 1166 456 60

112 491 271 578 Denique
290 491 411 578 ‘Quid
436 491 602 578 propero?
627 492 772 579 Scythia
796 505 859 566 est,
885 513 953 580 quo
977 493 1165 568 mittimur,'

291 599 453 685 inquam;

155 716 164 744 ‘
181 705 298 769 Roma
315 706 539 791 relinquenda
555 717 625 770 est:
651 718 795 792 utraque
807 704 899 793 justa
916 727 1013 770 mora
1029 717 1088 771 est.

110 812 209 878 Uxor
225 813 261 875 in
279 825 454 876 aeternum
472 813 551 877 vivo
568 813 650 876 mihi
667 813 745 876 viva
763 825 921 900 negatur,

152 919 198 982 Et
214 919 338 983 domus
355 931 388 982 et
404 919 493 983 fidae
510 918 624 983 dulcia
643 920 796 984 membra
813 920 949 995 domus,

111 1025 278 1112 Quosque
296 1046 363 1111 ego
379 1024 527 1089 fraterno
544 1025 648 1089 dilexi
667 1047 760 1090 more
777 1027 928 1102 sodales,
1128 1043 1162 1112 65

152 1133 185 1198 O
204 1131 289 1196 mihi
305 1132 444 1196 Thesea
462 1143 599 1217 pectora
612 1132 730 1220 juncta
749 1133 837 1199 fidel

108 1241 201 1304 Dum
219 1241 312 1315 licet,
331 1239 539 1323 amplectar:
564 1261 752 1325 numquam
771 1241 913 1306 sortasse
930 1241 1045 1307 licebit

150 1347 337 1433 Amplius:
359 1347 392 1410 in
410 1347 504 1411 lucro
521 1358 572 1411 est
587 1368 676 1432 quae
693 1349 792 1412 datur
809 1351 892 1413 hora
911 1349 1016 1413 mihi.’

106 1456 184 1521 Nec
201 1477 311 1530 mora,
331 1454 497 1520 sermonis
513 1456 618 1520 verba
636 1456 822 1540 inperfecta
840 1457 1008 1543 relinqu0‚

151 1563 398 1648 Complectens
415 1561 529 1627 animo
546 1563 703 1648 proxima
721 1585 877 1650 quaeque
895 1586 984 1628 meo.
1128 1595 1162 1649 70

105 1670 200 1736 Dum
218 1672 340 1756 loquor
356 1680 389 1734 et
404 1668 539 1745 flemus,
559 1670 655 1735 caelo
672 1670 895 1735 nitidissimus
912 1673 993 1746 alt0‚

151 1779 260 1843 Stella
278 1777 395 1864 gravis
411 1777 521 1853 nobis,
540 1776 681 1842 Lucifer
696 1791 789 1843 ortus
805 1791 897 1842 erat:

105 1885 254 1950 Dividor
271 1885 364 1949 haud
382 1885 490 1959 aliter,
508 1905 612 1970 quarn
630 1885 657 1950 si
675 1906 752 1950 mea
769 1887 924 1950 membra
940 1885 1146 1972 relinquam,

151 1992 196 2056 Et
214 2014 293 2077 pars
311 1991 467 2076 abrumpi
486 2013 628 2077 corpore
644 1993 718 2057 visa
735 2015 797 2058 suo
814 2003 876 2057 est.

105 2099 166 2164 Sic
184 2100 293 2164 doluit
309 2098 437 2163 Mettus
453 2111 547 2173 tunc,
567 2120 645 2162 cum
663 2099 697 2163 in
715 2100 884 2164 contraria
901 2121 1019 2164 versos
1127 2130 1159 2186 75

152 2207 293 2272 Ultores
310 2206 428 2271 habuit
444 2205 644 2290 proditionis
661 2227 777 2292 equos.

105 2312 200 2378 Turn
218 2334 300 2377 vero
317 2313 466 2377 exoritur
483 2313 614 2377 clamor
629 2314 846 2399 gemitusque
864 2335 1032 2387 meorum,

152 2420 196 2485 Et
213 2419 338 2484 feriunt
355 2431 504 2484 maestae
521 2430 659 2504 pectora
676 2419 768 2483 nuda
786 2441 921 2484 manus.

103 2528 198 2591 Tum
216 2549 299 2591 vero
316 2527 478 2612 conjunx,
498 2526 650 2590 humeris
668 2527 822 2590 abeuntis
839 2527 1035 2602 innuerem,

151 2633 296 2697 Miscuit
310 2633 397 2696 haec
413 2631 564 2696 lacrimis
580 2632 686 2697 tristia
703 2633 792 2698 dicta
810 2633 902 2697 suis:
1124 2653 1159 2705 80

106 2739 214 2804 ‘Non
232 2750 328 2824 potes
345 2739 467 2803 avelli:
492 2739 608 2814 simul,
627 2738 693 2803 ah!
719 2739 818 2804 simul
835 2740 979 2804 ibimus’
994 2739 1123 2828 inquit3

153 2858 161 2887 ‘
176 2847 232 2911 Te
249 2867 373 2933 sequar
388 2857 422 2910 et
436 2845 589 2934 conjunx
604 2847 733 2911 exsulis
750 2848 847 2911 exsul
865 2869 936 2911 ero.

103 2953 149 3019 Et
167 2953 250 3017 mihi
268 2953 358 3018 sacta
373 2953 429 3017 via
445 2964 510 3028 est,
527 2965 561 3018 et
577 2975 631 3017 me
648 2954 740 3038 capit
756 2955 873 3018 ultima
891 2955 1012 3018 tellus:

150 3061 331 3126 Accedam
348 3060 516 3147 profugae
533 3061 668 3125 sarcina
685 3083 790 3146 parva
808 3061 883 3125 rati.

103 3168 159 3233 Te
172 3169 271 3257 jubet
287 3189 307 3232 a
324 3169 433 3253 patria
449 3168 625 3233 discedere
642 3167 804 3233 Caesaris
818 3168 882 3242 ira,

151 3276 212 3341 Me
231 3277 360 3362 pietas:
385 3276 494 3362 pietas
511 3276 598 3340 haec
615 3276 698 3340 mihi
713 3274 845 3340 Caesar
861 3274 949 3340 erit.'

102 3384 207 3448 Talia
225 3383 424 3468 temptabat,
444 3382 531 3448 sicut
546 3394 769 3467 temptaverat
786 3395 877 3459 ante,

148 3491 290 3577 Vixque
306 3491 400 3556 dedit
415 3489 523 3555 victas
538 3490 680 3554 utilitate
698 3511 831 3555 manus.

102 3597 290 3686 Egredior‚
304 3597 432 3663 -sive
449 3596 533 3661 illud
551 3609 624 3661 erat
640 3598 713 3661 sine
731 3598 849 3663 sunere
867 3598 958 3674 ferri,

150 3703 340 3790 Squalidus
355 3703 505 3768 inmissis
523 3704 609 3766 hirta
626 3725 763 3788 perora
781 3705 897 3769 comis.

100 3810 166 3872 Illa
182 3810 300 3870 dolore
313 3827 436 3871 amens
451 3809 602 3874 tenebris
619 3823 778 3878 narratur
795 3811 924 3880 obortis

127 3903 353 3969 Semianimis
368 3909 484 3972 media
500 3916 742 3996 procubuisse
760 3921 869 3990 domo
883 3946 894 3993 3
