2444 4134
128 146 193 229 138
361 142 433 209 Tae
466 142 612 209 Wisdom
636 140 804 229 ojKing
822 141 958 210 Numa.
1036 160 1179 233 [Mam

126 353 159 407 et
174 342 414 429 quodcumque
432 342 533 413 latet;
559 332 758 426 primusque
774 341 937 406 animalia
954 342 1087 407 mensis

126 449 238 535 arguit
255 448 396 532 imponi.
447 447 582 512 Primus
598 468 734 533 quoque
751 447 875 512 talibus
891 470 953 513 ora

126 556 225 619 docta
241 555 379 641 quidem
398 555 508 628 solvit,
528 554 589 618 sed
607 575 676 619 non
693 565 725 618 et
743 554 884 630 credita,
903 542 1039 620 verbis:

173 674 182 702 ⁶
198 661 345 737 Parcite,
364 661 538 736 mortales,
558 660 705 745 dapibus
721 671 888 725 temerare
906 661 1068 727 nefandis
1150 693 1181 748 75

126 767 291 853 corpora!
338 767 426 832 S'unt
442 767 573 855 fruges,
591 779 669 832 sunt
686 767 889 831 deducentia
905 788 1022 833 ramos

126 875 277 961 pondere
295 895 396 961 poma
414 896 488 949 su0,
508 873 726 959 tumidaeque
743 873 777 937 in
795 873 919 938 vitibus
935 895 1049 951 uvae3

126 993 203 1046 sunt
220 982 347 1046 herbae
364 982 495 1055 dulces,
514 991 592 1045 sunt
609 1001 697 1066 quae
716 980 893 1045 mitescere
910 979 1052 1046 flamma

126 1088 318 1174 mollirique
335 1099 482 1175 queant3
508 1109 572 1151 nec
589 1088 685 1151 vobis
703 1087 834 1151 lacteus
852 1089 976 1152 humor

126 1195 277 1280 eripitur,
296 1216 361 1259 nec
378 1195 480 1258 mella
497 1194 606 1279 thymi
624 1194 812 1258 redolentia
829 1192 925 1259 flore.
1148 1214 1181 1266 30

126 1302 272 1389 prodiga
289 1301 423 1367 divitias
441 1301 670 1386 alimentaque
689 1300 781 1364 mitia
798 1300 898 1366 tellus

126 1408 293 1495 suggerit,
312 1421 412 1494 atque
430 1408 550 1492 epulas
567 1407 640 1471 sine
658 1407 764 1471 caede
781 1419 814 1471 et
830 1410 1000 1495 sanguine
1020 1410 1180 1494 praebet.

126 1536 228 1578 carne
246 1514 337 1578 serae
355 1514 475 1578 sedant
488 1513 631 1600 jejunia,
651 1534 715 1577 nec
731 1525 845 1577 tamen
862 1536 1002 1580 omnes:

125 1621 252 1708 quippe
269 1642 377 1707 equus
393 1633 426 1685 et
443 1621 592 1704 pecudes
610 1632 831 1708 armentaque
849 1622 1006 1708 gramine
1022 1622 1164 1695 vivunt;

126 1728 298 1814 atquibus
315 1727 492 1814 ingenium
511 1740 561 1791 est
579 1727 900 1815 inmansuetumque
916 1730 1111 1817 ferumque,
1146 1748 1179 1817 85

125 1833 381 1920 Armeniaeque
398 1834 503 1920 tigres
521 1835 744 1926 iracundique
762 1835 891 1912 leones,

125 1963 272 2028 cumque
289 1941 377 2025 lupis
395 1941 478 2015 ursi,
497 1942 642 2026 dapibus
661 1964 737 2006 cum
757 1944 926 2031 sanguine
944 1944 1108 2031 gaudent.

171 2060 180 2088 ⁶
198 2047 277 2112 Heu
294 2062 458 2135 quantum
476 2050 588 2113 scelus
605 2061 655 2114 est
672 2051 703 2113 in
723 2051 855 2115 viscera
872 2052 1005 2116 viscera
1021 2051 1138 2127 condi,

125 2168 356 2242 congestoque
375 2155 511 2219 avidum
531 2156 758 2243 pinguescere
775 2178 917 2243 corpore
934 2180 1072 2243 corpus,

125 2263 331 2349 alteriusque
350 2263 556 2327 animantem
575 2264 758 2329 animantis
775 2265 889 2330 vivere
906 2265 994 2328 leto!
1142 2298 1178 2353 9⁰

171 2370 336 2436 ‘Scilicet
352 2371 386 2433 in
404 2370 504 2435 tantis
522 2371 658 2456 opibus,
677 2393 762 2458 quas
779 2373 908 2457 optima
926 2385 1072 2436 matrum

123 2479 233 2544 Terra
251 2479 351 2564 parit,
371 2478 417 2542 nil
434 2492 466 2543 te
484 2479 548 2544 nisi
565 2479 670 2543 tristia
689 2480 852 2543 mandere
869 2501 973 2544 saevo

123 2588 266 2651 vulnera
283 2587 383 2651 dente
397 2587 506 2673 juvat,
525 2587 697 2673 rictusque
714 2587 840 2650 referre
858 2584 1076 2672 Cyclopum?

124 2716 200 2769 nec,
219 2695 284 2759 nisi
302 2695 490 2779 perdideris
509 2695 627 2767 alium,
647 2693 786 2778 placare
804 2693 937 2757 voracis

123 2815 156 2866 et
174 2804 262 2866 male
281 2803 400 2866 morati
418 2802 543 2886 poteris
557 2800 688 2888 jejunia
705 2799 855 2864 ventris?
1142 2834 1177 2890 95

170 2909 242 2975 ‘At
258 2924 354 2975 vetus
371 2910 429 2973 illa
447 2921 554 2984 aetaS,
574 2909 628 2972 cui
646 2909 789 2972 lecimus
806 2929 915 2971 arcaea
932 2928 1072 2984 nomen,

124 3017 246 3083 fetibus
263 3019 414 3083 arboreis
432 3030 464 3082 et
480 3039 567 3104 quas
585 3018 708 3080 humus
726 3017 849 3080 educat
866 3016 981 3080 herbis

124 3125 293 3190 fortunata
310 3125 384 3199 fuit,
404 3147 468 3189 nec
485 3125 604 3209 polluit
620 3146 680 3188 ora
698 3146 828 3188 cruore.

123 3243 203 3296 tunc
220 3244 253 3296 et
269 3254 350 3297 aves
368 3244 459 3296 tutae
477 3253 613 3296 movere
631 3254 692 3316 per
709 3237 789 3296 aera
807 3252 952 3316 pennas,

123 3352 156 3404 et
172 3342 270 3425 lepus
287 3339 468 3424 inpavidus
487 3339 607 3404 mediis
625 3340 749 3404 erravit
765 3340 799 3402 in
817 3338 944 3413 herbis,
1127 3371 1177 3410 100

124 3467 188 3511 nec
205 3468 267 3510 sua
285 3446 468 3510 credulitas
486 3447 615 3531 piscem
634 3447 860 3532 suspenderat
876 3448 1000 3521 ham03

124 3566 247 3618 cuncta
263 3554 335 3618 sine
353 3553 484 3618 insidiis
502 3555 699 3639 nullamque
715 3554 868 3618 timentia
885 3553 1040 3617 fraudem

99 3661 283 3747 plenaque
295 3661 399 3748 pacis
416 3674 528 3729 erant.
580 3660 773 3750 Postquam
789 3683 862 3725 non
874 3660 970 3722 utilis
984 3670 1099 3720 auctor

84 3763 238 3833 vscrrbus
251 3769 396 3852 invidit,
417 3775 587 3867 quisquis
607 3774 675 3841 fuit
691 3773 769 3847 ille,
788 3769 964 3855 priorum,

53 3882 339 3970 corporeasque
358 3886 483 3977 dapes
502 3889 666 3957 avidam
682 3875 868 3951 demersit
880 3871 925 3936 ‘m
941 3869 1081 3931 alvum,
1176 3886 1222 3920 m
