2444 4134
89 141 116 194 1.
144 134 234 212 ²8³]
386 119 586 207 Gatlermg
606 122 653 205 of
666 120 722 184 the
749 119 892 184 Waters.
1108 137 1147 202 13

87 302 184 384 talia‘
191 328 409 406 quaerentes,
427 316 492 382 sibi
509 317 600 382 enim
618 316 690 381 lore
706 328 821 382 cetera
837 337 954 391 curae,
1097 344 1149 402 250

87 448 155 491 rex
172 447 336 512 superum
353 424 525 509 trepidare
541 434 645 499 vetat,
664 424 888 510 subolemque
903 422 1009 510 priori

89 532 298 599 dissimilem
315 532 442 617 populo
459 530 623 616 promittit
637 531 772 617 origine
790 530 890 623 mira.

130 639 284 726 Jamque
301 637 424 704 eratin
441 648 526 702 totas
543 646 729 723 sparsurus·
741 631 885 702 fulmin'a
901 647 1030 704 terras:

89 747 155 812 sed
172 744 297 820 timuit,
316 765 360 809 ne
376 744 462 809 sorte
478 765 577 809 sacer
592 754 640 808 tot
656 743 700 807 ab
715 743 855 830 ignibus
873 745 991 808 aether

91 852 293 937 conciperet
307 850 479 924 flammas,
497 850 690 936 longusque
708 849 903 915 ardesceret
919 851 1007 915 axis.

91 981 170 1025 esse
187 979 324 1045 quoque
341 957 377 1022 in
394 957 471 1022 latis
487 956 729 1030 reminiscitur,
747 957 865 1021 adfore
882 970 1030 1041 tempus,

91 1087 162 1154 quo
180 1085 289 1140 mare,
307 1084 375 1151 quo
391 1062 505 1138 tellus,
523 1072 748 1149 correptaque
766 1063 863 1150 regia
881 1065 968 1129 caeli

93 1172 227 1246 ardeat,
245 1182 279 1237 et
295 1169 414 1235 mundi
431 1169 538 1234 moles
556 1189 701 1253 operosa
718 1170 860 1235 laboret.

92 1280 163 1345 tela
179 1288 391 1363 reponuntur
406 1275 565 1341 manibus
582 1275 747 1340 fabricata
764 1274 973 1362 Cyclopum.

138 1384 259 1450 Poena
276 1384 390 1469 placet
406 1380 554 1456 diversa,
573 1404 685 1469 genus
703 1386 845 1448 mortale
862 1384 925 1448 sub
942 1383 1043 1449 undis

93 1493 252 1577 perdere,
271 1502 305 1555 et
320 1511 364 1554 ex
380 1489 473 1555 omni
490 1489 625 1554 nimbos
642 1491 818 1555 demittere
835 1492 944 1556 caelo.

93 1599 249 1684 protinus
265 1596 399 1661 Aeoliis
415 1596 611 1683 aquilonem
628 1597 756 1662 claudit
772 1598 806 1660 in
824 1598 943 1673 antris,

93 1717 128 1770 et
142 1724 384 1791 quaecumque
400 1701 523 1790 sugant
538 1702 695 1768 inductas
712 1703 852 1768 flamina
869 1704 991 1780 nubes,

93 1812 283 1898 emittitque
300 1809 442 1874 Notum.
493 1809 646 1876 Madidis
663 1811 774 1876 Notus
791 1812 904 1876 evolat
920 1812 997 1887 alis,

93 1917 280 1984 terribilem
298 1917 396 2003 picea
412 1927 520 2003 tectus
537 1919 687 2003 caligine
703 1918 855 1983 vultum:

93 2025 203 2090 barba
219 2023 336 2112 gravis
352 2023 490 2099 nimbis,
509 2024 605 2088 canis
621 2024 694 2089 fluit
712 2025 803 2089 unda
820 2026 966 2110 capillis,

94 2132 204 2198 fronte
221 2131 342 2196 sedent
358 2131 518 2205 nebulae,
536 2144 652 2196 rorant
668 2153 871 2218 pennaeque
888 2133 1065 2220 sinusque.

94 2252 199 2326 utque
217 2259 321 2302 manu
338 2237 405 2302 late
422 2239 606 2322 pendentia
624 2239 741 2303 nubila
759 2241 892 2324 pressit,
1003 2320 1011 2331 „

93 2347 132 2413 fit
147 2336 623 2434 fragon?inclusi'lunduntur
639 2346 682 2410 ab
700 2349 837 2409 aethere
855 2345 973 2412 nimbi.
1015 2336 1037 2381 5'

64 2476 72 2519 t
94 2442 504 2540 nantisjunonislvaribs
520 2452 638 2537 iqduta
656 2446 786 2518 colores

95 2560 325 2649 concipittlris
342 2567 468 2646 aqtuasl
480 2555 874 2653 alimentaquelnubibus
889 2560 1011 2663 pdlert.

84 2662 444 2754 internunturlsegetes
460 2676 493 2731 et
504 2654 686 2769 tdeplolata
704 2687 723 2730 c
743 2658 834 2731 'oms

94 2787 174 2842 vota
185 2775 317 2864 jacent,
335 2773 499 2861 longique
515 2773 604 2860 perit
620 2773 716 2837 labor
733 2773 845 2838 irritus
861 2774 955 2839 anni.

140 2880 218 2948 Nec
234 2881 333 2946 caelo
349 2892 509 2946 contenta
526 2902 589 2946 suo
605 2891 657 2945 est
668 2880 764 2966 Jovis
782 2879 844 2955 ira,
863 2883 924 2946 sed
942 2882 1037 2946 illum

96 2987 278 3054 caeruleus
293 2987 396 3053 frater
408 2987 507 3077 juvat
522 2987 746 3053 auxiliaribus
764 2988 876 3053 undis.

98 3105 264 3162 convocat
279 3093 336 3160 hic
353 3115 494 3169 amnes3
518 3096 576 3182 qui
593 3107 774 3182 postquam
791 3106 878 3159 tecta
895 3097 1034 3182 tyranni

97 3201 266 3289 intravere
283 3200 349 3276 sui,
369 3200 473 3270 ‘Non
490 3214 541 3267 est
557 3203 748 3267 hortamine
765 3203 870 3289 longo

97 3309 207 3373 nunc*
224 3307 270 3372 ait
288 3318 296 3347 ‘
311 3308 495 3384 utendum3
521 3310 610 3374 vires
628 3310 792 3374 effundite
810 3321 950 3384 vestras,

97 3410 147 3475 sic
161 3432 249 3495 opus
265 3420 317 3475 est
327 3432 336 3483 ;
363 3410 491 3496 aperite
508 3412 641 3485 domos,
661 3434 703 3477 ac
720 3415 808 3478 mole
826 3424 954 3478 remota

96 3510 295 3581 fluminibus
311 3517 431 3582 vestris
448 3528 534 3582 totas
551 3519 706 3584 inmittite
725 3521 899 3584 habenas!

137 3621 313 3710 Jusserat3
339 3622 373 3686 hi
390 3624 545 3698 redeunt,
564 3645 606 3688 ac
622 3626 771 3690 sontibus
786 3648 846 3692 ora
863 3627 1032 3702 relaxant,

97 3741 131 3795 et
146 3730 321 3796 defrenato
337 3731 518 3796 volvuntur
535 3731 569 3795 in
587 3753 736 3820 aequora
753 3754 866 3798 cursu.

95 3835 168 3918 lpse
182 3836 324 3918 tridente
337 3857 400 3898 suo
417 3847 541 3903 terram
559 3843 759 3928 percussit;
786 3844 902 3914 atille
985 3934 988 3940 .
