2444 4134
65 95 87 160 6
251 118 275 161 1.
317 97 387 163 Tae
417 99 580 164 Creation
606 98 680 161 and
700 97 756 160 tha
779 97 903 161 Flood.
976 115 1121 186 [Menan.

67 316 131 358 nec
148 295 356 360 circumfuso
373 296 545 381 pendebat
562 295 597 360 in
615 300 695 359 aere
710 294 832 362 Tellus

68 403 276 486 ponderibus
292 402 414 468 librata
432 403 515 479 suis,
535 424 599 468 nec
616 402 757 467 bracbia
775 402 881 490 longo

68 509 224 596 margine
240 520 406 573 terrarum
426 520 625 595 porrexerat
640 508 848 594 Amphitrite
861 531 869 583 ;

66 636 202 702 quaque
219 615 281 680 suit
296 617 409 692 tellus»,
429 617 549 683 illicet
568 627 692 701 pontus
710 628 742 680 et
759 622 829 680 aer.

111 722 172 788 Sic
187 733 260 787 erat
276 723 442 788 instabilis
459 725 570 798 tellus,
587 723 748 788 innabilis
764 725 870 800 unda,

66 829 152 894 lucis
169 850 277 916 egens
294 835 372 894 aer:
399 831 483 894 nulli
502 851 564 896 sua
581 830 690 895 forma
708 831 880 907 manebat,

66 936 290 1022 obstabatque
308 938 383 1002 aliis
401 936 605 1023 aliud-quia
623 958 765 1022 corpore
783 937 816 1001 in
834 959 903 1002 uno

65 1043 191 1130 frigida
209 1044 411 1131 pugnabant
427 1044 561 1119 calidis,
581 1043 757 1109 humentia
774 1043 887 1120 siccis,

65 1140 182 1215 mollia
200 1172 277 1216 curn
295 1151 402 1227 duris,
421 1151 494 1216 sine
512 1151 664 1236 pondere
681 1150 842 1215 habentia
860 1152 1007 1236 pondus.
1091 1174 1094 1180 ·

100 1239 214 1322 'Hanc
230 1248 610 1322 deus·etme1it›r¹litem
627 1247 750 1320 nalura
766 1256 946 1352 diremitgtj

60 1370 146 1428 lnam
163 1364 259 1430 cadlo
275 1353 383 1429 ter¹ras
394 1343 546 1429 ‘et-'terris
557 1362 706 1428 'abscidit
722 1365 846 1438 undaS,

54 1474 98 1536 'et
113 1470 280 1557 liquidum
298 1470 407 1556 spi'dso
415 1464 569 1535 'secrevit
585 1471 725 1559 abluere
736 1470 890 1535 caelum.

57 1598 156 1693 'quae
170 1582 351 1669 postquam
369 1577 494 1661 evolvit
503 1598 682 1664 ‚caecoque
699 1577 827 1642 exemit
843 1598 980 1656 acervo,

64 1670 246 1750 dissociata
263 1676 525 1750 locis'concordi
543 1705 629 1769 pace
646 1684 778 1771 ligavit.
1087 1717 1122 1776 23

109 1791 220 1885 ignea
235 1786 381 1857 convexi
397 1791 449 1885 vis
466 1802 499 1856 et
515 1790 588 1856 sine
605 1791 757 1876 pondere
773 1790 862 1858 caeli

63 1878 214 1974 emicuit,
233 1919 435 1986 summaque
451 1899 565 1964 locum
583 1898 646 1964 sibi
664 1898 743 1964 fecit
759 1898 794 1963 in
812 1919 904 1968 arce.

63 2005 240 2090 proximus
257 2016 308 2073 est
324 2011 382 2071 aer
398 2006 447 2071 illi
465 2006 602 2072 levitate
619 2007 784 2094 locoque;

62 2113 201 2179 densior
217 2113 270 2178 his
286 2114 399 2188 tellus,
419 2115 657 2202 elementaque
673 2113 820 2202 grandia
836 2115 939 2180 traxit

11 2231 13 2236 '
62 2231 95 2286 et
110 2243 229 2306 pressa
246 2233 296 2287 est
312 2221 481 2310 gravitate
497 2242 581 2296 sua;
607 2219 827 2286 circumfluus
845 2221 967 2286 humor
1083 2255 1121 2310 30

61 2328 181 2394 ultima
198 2330 359 2415 possedit,
379 2330 594 2415 solidumque
611 2327 760 2394 coercuit
776 2328 906 2394 orbem.

107 2434 167 2501 Sic
184 2436 241 2501 ubi
258 2436 472 2521 dispositam,
490 2436 643 2522 quisquis
661 2434 722 2499 suit
739 2435 796 2499 ille
813 2435 967 2510 deorum,

61 2543 259 2629 congeriem
277 2542 398 2617 secuit,
416 2553 613 2628 sectamque
630 2541 664 2605 in
683 2542 837 2607 membra
853 2541 998 2629 redegit,

61 2633 229 2734 principio
245 2660 384 2727 terram,
398 2668 443 2714 ne
454 2668 523 2712 non
534 2648 688 2735 aequalis
705 2649 747 2713 ab
764 2648 857 2713 omni

60 2770 155 2841 parte
172 2756 271 2831 foret,
289 2759 407 2843 magni
424 2755 575 2841 speciem
593 2755 797 2843 glomeravit
814 2757 848 2819 in
864 2755 969 2849 orbis.
1078 2787 1114 2844 35

59 2875 129 2927 tum
148 2863 233 2928 freta
249 2863 612 2956 diffudit-rapidisque
630 2852 820 2928 tumescere
836 2861 947 2927 ventis

56 2969 167 3057 jussit,
186 2981 219 3034 et
235 2970 383 3035 ambitae
400 2970 615 3035 circumdare
631 2969 730 3033 litora
745 2981 866 3034 terrae.

60 3076 190 3141 addidit
205 3087 238 3142 et
254 3075 363 3142 sontes
380 3088 413 3142 et
428 3088 553 3164 stagna
570 3076 738 3141 immensa
755 3077 933 3162 lacusque,

57 3181 268 3269 fluminaque
284 3182 430 3270 obliquis
447 3183 554 3248 cinxit
569 3181 714 3249 declivia
731 3182 826 3269 ripis,

57 3309 159 3374 quae,
178 3290 313 3355 diversa
329 3289 427 3365 locis,
446 3289 568 3375 partim
585 3291 764 3356 sorbentur
780 3291 823 3356 ab
840 3289 928 3375 ipsa,
1074 3321 1111 3375 40

58 3394 93 3459 in
110 3418 204 3461 mare
221 3397 423 3482 perveniunt
439 3396 575 3482 partim,
594 3418 785 3484 campoque
803 3407 940 3482 recepta

57 3503 224 3570 liberioris
241 3526 350 3591 aquae
368 3526 429 3589 pro
446 3504 529 3589 ripis
545 3504 643 3569 litora
661 3506 809 3590 pulsant.

55 3609 154 3700 jussit
169 3621 202 3676 et
218 3611 355 3676 extendi
373 3632 527 3696 campos,
546 3611 723 3676 subsidere
740 3611 863 3686 valles,

55 3716 177 3783 fronde
193 3717 263 3806 tegi
280 3717 398 3792 silvas,
416 3717 591 3802 lapidosos
607 3739 749 3805 surgere
767 3731 913 3783 montes.

99 3822 213 3906 thue
227 3824 321 3888 dnae
334 3823 456 3890 dextra
473 3824 611 3891 caelum
626 3825 837 3912 totidemque
852 3824 990 3890 sinistra
1076 3863 1109 3912 ts
