2444 4134
94 142 118 194 1.
149 142 224 212 ιη]
450 118 534 205 ‘The
556 119 657 186 Four
680 120 787 209 Ages.

91 320 156 386 sub
169 320 259 404 Jove
276 319 426 385 mundus
442 329 527 395 erat,
545 318 649 384 subiit
664 328 833 405 argentea
850 320 978 404 proles,

91 448 178 492 auro
195 426 355 500 deterior,
373 424 467 491 fulvo
485 424 662 510 pretiosior
679 446 771 489 aere.

83 533 248 620 Juppiter
264 530 393 618 antiqui
410 530 579 596 contraxit
595 544 748 615 tempora
764 531 866 608 veris,

89 661 224 726 perque
241 638 372 703 hiemes
390 649 571 724 aestusque
588 649 621 702 et
637 639 836 725 inaequales
852 652 1035 706 autumnos

90 758 123 812 et
138 747 246 811 breve
262 767 323 809 ver
339 745 457 831 spatiis
473 745 589 832 exegit
605 755 763 831 quattuor
779 766 920 810 annum.

90 867 162 919 tum
182 852 332 938 primum
350 851 451 918 siccis
467 857 526 917 aer
542 851 732 917 fervoribus
749 864 843 917 ustus

90 959 248 1034 canduit,
266 971 300 1024 et
315 960 424 1024 ventis
441 958 572 1046 glacies
590 958 748 1022 adstricta
765 959 939 1044 pependit.
1099 991 1148 1032 120

90 1078 162 1131 tum
180 1065 330 1150 primum
348 1065 482 1131 subiere
499 1066 641 1130 domus:
666 1064 789 1130 domus
806 1078 903 1131 antra
919 1066 1056 1132 suerunt

91 1187 124 1238 et
140 1173 242 1239 densi
258 1172 396 1237 frutices
413 1183 446 1237 et
461 1172 595 1238 vinctae
613 1172 737 1237 cortice
753 1171 885 1258 virgae.

91 1280 226 1346 semina
244 1291 315 1343 tum
332 1279 479 1365 primum
494 1277 608 1366 longis
620 1276 779 1343 Cerealia
796 1279 899 1344 sulcis

91 1388 215 1453 obruta
233 1398 323 1460 sunt,
342 1385 518 1472 pressique
532 1385 618 1473 jugo
636 1406 799 1472 gemuere
812 1385 963 1473 juvenci.

135 1493 257 1558 Tertia
274 1505 350 1578 post
366 1476 443 1557 illas
459 1492 623 1558 successit
638 1498 746 1555 aenea
763 1492 888 1576 proles,
1098 1524 1145 1582 ¹25

91 1600 228 1667 saevior
244 1598 406 1687 ingeniis,
424 1610 458 1665 et
474 1599 518 1664 ad
535 1598 672 1664 horrida
689 1599 875 1684 promptior
892 1621 1000 1676 arma,

91 1729 161 1773 non
179 1707 346 1773 scelerata
362 1717 491 1771 tamen.
502 1742 548 1754 -
558 1704 612 1770 De
629 1706 714 1771 duro
730 1718 781 1770 est
797 1706 916 1771 ultima
918 1708 1044 1792 ferro.

90 1814 246 1901 protinus
258 1810 385 1900 inrupit
397 1833 507 1877 venae
523 1811 650 1900 pejoris
667 1811 702 1876 in
718 1833 842 1877 aevum

91 1943 194 1987 omne
211 1921 330 1987 nefas:
355 1921 477 2008 fugere
494 1921 604 2006 pudor
620 1942 807 2009 verumque
824 1922 998 2008 fidesquez

90 2029 289 2116 inquorum
306 2028 441 2095 subiere
457 2029 571 2094 locum
589 2028 793 2116 fraudesque
810 2030 947 2115 dolique
1097 2062 1146 2116 130

44 2217 51 2228 .
90 2137 305 2224 insidiaeque
322 2148 355 2203 et
370 2137 423 2204 vis
439 2149 473 2203 et
489 2158 585 2202 amor
601 2138 787 2203 sceleratus
805 2138 964 2204 habendi.

90 2246 169 2311 vela
186 2246 314 2312 dabant
330 2244 452 2322 ventis,
465 2283 511 2295 -
521 2266 586 2310 nec
602 2246 717 2312 adhuc
734 2247 821 2311 bene
839 2256 981 2311 noverat
996 2245 1073 2313 illos

92 2353 220 2428 navita,
231 2373 444 2439 -quaeque
461 2352 519 2418 diu
536 2364 698 2418 steterant
713 2353 747 2417 in
765 2353 936 2419 montibus
953 2353 1041 2430 altis,

89 2458 250 2525 fluctibus
267 2459 393 2547 ignotis
410 2459 615 2524 insultavere
633 2460 783 2526 carinae.

91 2587 379 2652 communemque
397 2566 503 2651 prius,
522 2587 586 2631 ceu
603 2567 733 2631 lumina
750 2569 831 2633 solis
848 2579 881 2632 et
897 2588 1012 2642 auras,
1096 2597 1144 2654 135

92 2684 212 2739 cautus
229 2673 372 2738 humum
390 2674 494 2761 longo
512 2674 662 2761 signavit
677 2674 782 2739 limite
801 2696 947 2739 mensor.

91 2800 157 2845 nec
172 2791 303 2845 tantum
321 2791 457 2871 segetes
475 2781 705 2867 alimentaque
722 2781 836 2846 debita
853 2782 949 2846 dives

91 2887 296 2972 poscebatur
313 2886 451 2962 humus,
470 2888 531 2952 sed
547 2887 629 2951 itum
648 2898 698 2953 est
713 2887 748 2951 in
766 2888 897 2953 viscera
913 2899 1044 2962 terrae;

90 3015 245 3080 quasque
262 2994 501 3060 recondiderat
518 2993 719 3082 Stygiisque
738 2995 938 3059 admoverat
953 2995 1097 3069 umbris,

91 3100 298 3165 effodiuntur
313 3122 410 3185 opes,
428 3101 644 3165 inritamenta
662 3103 841 3166 malorum.
1096 3131 1145 3183 140

130 3205 281 3294 Jamque
297 3228 427 3273 nocens
442 3208 583 3282 serrum,
601 3208 758 3294 ferroque
775 3208 952 3273 nocentius
969 3228 1090 3272 aurum

92 3314 284 3398 prodierat3
310 3315 422 3400 prodit
438 3314 588 3388 Bellum,
606 3316 698 3402 quod
715 3326 847 3403 pugnat
862 3327 1018 3401 utroque,

92 3421 354 3509 sanguineaque
372 3442 475 3486 manu
493 3422 692 3507 crepitantia
710 3423 859 3487 concutit
875 3442 984 3486 arma.

91 3527 216 3592 vivitur
231 3550 275 3592 ex
292 3541 410 3614 rapto:
435 3551 504 3594 non
521 3530 647 3613 hospes
664 3529 707 3593 ab
725 3530 856 3615 hospite
872 3539 975 3603 tutus,

92 3655 161 3699 non
178 3656 277 3699 socer
292 3656 457 3720 agenero
466 3657 479 3710 ‚·
502 3635 645 3702 fratrum
664 3659 804 3730 quoque
823 3634 1034 3732 gratiaram
1047 3642 1115 3702 est.

74 3736 232 3797 imminet
244 3737 349 3800 exitio
368 3740 420 3802 vr'r
434 3743 616 3837 conjugis,
636 3750 702 3822 illa
719 3753 868 3837 marit‘tt

54 3830 166 3892 lurida
183 3837 355 3905 terribiles
371 3847 530 3921 miscent
545 3865 703 3938 aconita
719 3893 945 3948 novercael
1036 3872 1039 3878 ¹
