2444 4134
92 107 155 195 148
321 108 357 175 T
350 109 393 175 ke
427 108 586 199 Worship
608 114 656 198 os
668 110 913 201 AEsculapt‘us·
995 125 1130 194 [Meam.

88 302 343 393 Parthenopen,
362 320 395 373 et
411 309 455 374 ab
472 309 538 375 hac
554 307 732 375 Cumaeae
748 309 877 394 templa
894 306 1064 393 Sibyllae.

88 413 169 478 hinc
185 414 288 480 calidi
305 415 414 481 fontes
431 417 744 503 lentisciferumque
760 426 893 480 tenetur

87 516 305 595 Linternum,
325 521 534 607 multamque
551 522 691 585 trahens
708 521 772 586 sub
789 519 927 607 gurgite
945 541 1086 585 arenam
1136 506 1139 517 ¹

87 624 289 701 Volturnus,
309 627 486 713 niveisque
504 627 664 713 frequens
681 625 848 714 Sinuessa
867 627 1051 703 columbiS,
1089 657 1132 713 715

87 731 353 819 Minturnaeque
371 755 508 821 graveS,
528 745 561 798 et
576 754 679 820 quam
697 733 876 798 tumulavit
893 737 1067 810 alumnus,

87 839 365 926 Antiphataeque
383 841 519 915 domus,
537 839 763 926 Trachasque
780 841 921 906 obsessa
938 843 1078 927 palude,
1132 867 1137 874 ·

87 960 120 1012 et
136 948 236 1011 tellus
252 946 412 1022 Circaea,
432 958 464 1010 et
480 946 579 1030 spissi
597 946 704 1010 litoris
721 946 878 1012 Antium.

135 1053 214 1119 Huc
230 1055 288 1118 ubi
305 1054 481 1118 veliferam
499 1065 625 1118 nautae
643 1055 821 1121 advertere
839 1057 994 1121 carinam
1008 1095 1052 1106 -

87 1183 188 1248 asper
205 1163 295 1227 enim
309 1163 381 1250 jam
398 1175 521 1246 pontus
539 1173 610 1226 erat
622 1199 667 1209 -
679 1163 764 1227 deus
782 1165 933 1248 explicat
948 1166 1063 1240 orbes,
1089 1195 1136 1249 720

87 1291 216 1356 perque
233 1270 327 1335 sinus
345 1270 482 1334 crebros
501 1282 533 1332 et
550 1290 678 1355 magna
696 1271 870 1335 volumina
888 1272 1022 1348 labens,

86 1378 213 1461 templa
231 1377 380 1462 parentis
397 1377 458 1440 init
473 1375 599 1439 flavum
618 1377 794 1462 tangentia
811 1378 902 1444 litus.

88 1504 236 1570 aequore
253 1497 375 1568 pacato
392 1484 520 1569 patrias
537 1482 747 1567 Epidaurius
765 1505 843 1550 aras

87 1591 220 1678 linquit,
239 1604 272 1655 et
288 1590 433 1675 hospitio
446 1590 555 1677 juncti
572 1589 635 1654 sibi
653 1591 803 1657 numinis
819 1614 903 1657 usus

88 1698 241 1762 litoream
259 1711 367 1762 tractu
385 1719 550 1784 squamae
568 1697 765 1782 crepitantis
784 1720 924 1764 arenam
1092 1729 1140 1786 725

88 1806 210 1879 sulcat,
230 1818 261 1868 et
278 1807 415 1869 innixus
433 1803 667 1869 moderamine
685 1806 782 1870 navis
799 1806 835 1869 in
853 1807 921 1871 alta

88 1934 203 1998 puppe
220 1926 322 1996 caput
339 1912 462 1996 posuit,
482 1913 592 1976 donec
608 1909 838 1999 Castrumque
855 1934 1042 2000 sacrasque

88 2018 213 2083 Lavini
230 2021 329 2082 sedes
347 2018 580 2104 Tiberinaque
598 2019 642 2082 ad
659 2019 745 2082 ostia
763 2020 866 2085 venit.

135 2125 215 2190 Huc
231 2148 350 2191 omnes
367 2125 482 2210 populi
501 2124 642 2210 passim,
665 2139 878 2216 matrumque
898 2139 1102 2214 patrumque

87 2234 188 2299 obvia
204 2234 302 2297 turba
319 2233 396 2307 ruit,
416 2253 572 2318 quaeque
590 2231 702 2317 ignes,
723 2231 863 2307 Troica,
884 2245 1035 2309 servant,
1091 2264 1143 2318 730

86 2339 206 2413 Vesta,
225 2352 313 2413 tuos,
333 2339 489 2424 laetoque
506 2339 608 2403 deum
627 2339 776 2402 clamore
797 2341 946 2403 salutant
957 2362 965 2413 ;

87 2468 223 2533 quaque
240 2467 301 2531 per
318 2447 481 2510 adversas
498 2445 594 2507 navis
612 2445 679 2508 cita
696 2446 830 2518 ducitur·
847 2447 971 2521 undae,

87 2565 162 2617 tura
179 2574 281 2636 super
297 2553 388 2636 ripas
406 2551 473 2614 aris
490 2572 535 2614 ex
550 2551 670 2615 ordine
689 2553 786 2616 factis

87 2671 182 2745 parte
200 2660 242 2723 ab
260 2671 401 2745 utraque
419 2670 554 2732 sonant,
573 2671 606 2722 et
622 2660 766 2724 odorant
783 2665 863 2724 aera
881 2658 1004 2725 fumis:

87 2768 221 2855 ictaque
238 2769 409 2855 conjectos
426 2768 599 2831 incalfacit
616 2767 724 2830 hostia
744 2768 882 2831 cultros.
1089 2797 1140 2853 735

128 2877 274 2963 Jamque
292 2889 394 2961 caput
410 2898 536 2950 rerum,
557 2875 752 2940 Romanam
772 2874 955 2938 intraverat
972 2876 1104 2939 urbem.

61 3050 64 3056 ,
87 2984 227 3069 erigitur
244 3006 397 3068 serpens,
417 3004 618 3069 summoque
636 2982 781 3046 acclinia
800 2982 891 3045 malo

88 3092 175 3155 colla
193 3104 317 3166 movet,
337 3092 503 3177 sedesque
521 3091 583 3155 sibi
602 3089 830 3176 circumspicit
847 3101 956 3173 aptas·

88 3199 251 3263 scinditur
267 3199 300 3261 in
318 3198 475 3285 geminas
493 3210 606 3282 partes
623 3197 842 3262 circumfluus
860 3195 990 3260 amnis:

86 3302 200 3365 ansula
217 3322 342 3365 nomen
360 3301 483 3373 habet3
510 3301 721 3386 laterumque
739 3322 758 3363 e
775 3311 871 3384 parte
888 3299 1033 3363 duorum
1088 3327 1141 3381 740

87 3408 230 3494 porrigit
246 3408 407 3491 aequales
425 3407 536 3470 media
554 3407 673 3471 tellure
690 3407 847 3470 lacertos.

87 3515 155 3578 huc
171 3536 208 3578 se
224 3516 267 3578 de
284 3513 385 3578 Latia
402 3513 484 3599 pinu
502 3512 695 3577 Phoebeius
713 3515 837 3600 anguis

78 3623 231 3699 contulit,
251 3634 288 3688 et
300 3622 406 3688 linem
424 3620 542 3712 specie
559 3621 709 3688 caeleste
724 3633 903 3705 resumpta

48 3725 209 3796 luctibus
221 3730 407 3822 imposuit,
431 3733 605 3826 venitque
624 3729 786 3799 salutifer
800 3727 911 3794 Urbi.
