2444 4134
94 177 140 255 1⁸1,
166 176 241 248 108]
337 158 452 223 Pcrils
476 161 521 239 os
536 158 593 222 the
622 114 787 225 C'clcsttirl
806 160 921 226 Road.
1112 187 1150 231 21

94 355 223 420 obvius
240 355 288 419 ire
306 355 404 439 polis,
423 377 466 420 ne
483 368 515 420 te
533 355 618 420 citus
637 355 768 421 auferat
784 357 882 424 axis?
1121 392 1153 450 75

92 462 242 528 forsitan
261 473 293 525 et
309 463 405 526 lucos
421 461 491 527 illic
508 463 678 548 urbesque
696 465 837 528 deorum

94 569 276 653 concipias
294 569 421 642 anim0‚
441 570 652 655 delubraque
669 570 751 634 ditia
768 571 869 637 donis
1167 653 1170 659 .

95 674 199 740 esse?
223 696 284 760 per
301 674 441 739 insidias
458 675 521 739 iter
537 689 587 740 est
604 676 798 763 formasque
815 679 977 745 ferarum.
1129 708 1143 733 x

95 794 204 867 utque
220 782 311 845 vium
328 792 458 856 teneas
479 783 641 868 nulloque
659 805 772 848 errore
788 786 947 862 traharis,

96 909 160 972 per
177 899 290 951 tamen
311 889 443 952 adversi
461 889 629 975 gradieris
647 910 776 954 cornua
792 891 915 966 Tauri,
967 935 970 941 ·

96 998 379 1084 Haemoniosque
398 1019 510 1073 arcus,
529 998 735 1084 violentique
752 1020 811 1063 ora
828 999 970 1077 Leonis,

95 1125 271 1191 saevaque
288 1104 431 1168 circuitu
448 1115 648 1169 curvantem
665 1104 805 1168 brachia
823 1107 928 1193 longo

95 1212 280 1296 Scorpion,
300 1222 400 1296 atque
418 1211 514 1275 aliter
531 1222 728 1275 curvantem
748 1213 888 1275 brachia
906 1211 1092 1279 Cancrum.

94 1340 163 1383 nec
178 1319 238 1382 tibi
255 1319 496 1404 quadrupedes
514 1319 687 1382 animosos
703 1319 842 1404 ignibus
859 1320 938 1395 illis,

93 1447 183 1513 quos
200 1424 235 1488 in
252 1438 388 1509 pectore
407 1426 546 1499 habent,
565 1446 650 1510 quos
666 1447 724 1489 ore
743 1437 775 1488 et
791 1425 931 1490 naribus
948 1428 1076 1504 efflant,
1117 1449 1150 1517 85

93 1533 132 1595 in
150 1544 308 1616 promptu
325 1553 446 1618 regere
464 1545 535 1596 est:
560 1532 617 1594 vix
635 1553 689 1595 me
708 1532 892 1614 patiuntur,
912 1534 968 1597 ubi
986 1555 1083 1600 acres

93 1638 270 1702 incaluere
289 1639 406 1712 animi,
426 1638 610 1723 cervixque
627 1649 798 1723 repugnat
814 1639 970 1704 habenis.

143 1744 215 1809 ‘At
230 1758 279 1819 tu,
299 1745 421 1809 funesti
439 1745 639 1808 ne'sim'tibi
657 1746 953 1821 muneris‘auctor,

94 1864 188 1925 nate,
207 1873 304 1924 cave,
323 1853 404 1914 dum
422 1873 543 1937 resque
561 1851 652 1924 sinit,
671 1862 728 1914 tua
748 1852 882 1938 corrige
899 1866 989 1917 vota.

83 1950 277 2023 'scilieet'ut
293 1959 579 2044 nostrolgenitum
597 1970 629 2021 te
647 1945 815 2046 sanguine
833 1959 978 2034 credas.
1115 1997 1150 2051 9·

77 2065 350 2157 :pignoracerta
367 2064 474 2149 petist
499 2065 704 2151 do'pignora
723 2077 814 2129 certa
832 2067 997 2153 timendm

94 2182 128 2236 et
144 2173 252 2256 patrio
269 2182 365 2256 pater
382 2192 457 2236 esse
477 2185 566 2234 metu
584 2173 719 2256 probor.
771 2170 900 2256 Aspice
917 2174 1030 2239 vultus

95 2298 176 2343 ecce
194 2299 309 2342 meos:
335 2278 533 2363 utinamque
550 2279 668 2342 oculos
686 2278 719 2342 in
738 2292 876 2363 pectora
894 2301 1013 2364 posses

93 2384 257 2458 inserere,
277 2395 310 2449 et
325 2385 453 2469 patrias
471 2384 560 2448 intus
578 2387 790 2469 deprendere
808 2385 929 2450 curas!

93 2491 243 2577 denique
260 2492 423 2578 quicquid
442 2493 543 2555 habet
561 2492 656 2556 dives
671 2490 930 2579 (circumspice)
947 2494 1108 2568 mundus,

94 2619 180 2684 eque
198 2609 246 2661 tot
263 2618 304 2662 ac
320 2597 421 2662 tantis
439 2599 525 2661 caeli
542 2610 721 2684 terraeque
738 2598 911 2684 marisque

82 2726 197 2790 posce
214 2704 313 2768 bonis
331 2704 480 2790 aliquid:
507 2705 636 2769 nullam
655 2705 783 2789 patiere
800 2706 985 2789 repulsam.

89 2815 260 2899 -deprecor
277 2816 343 2879 hoc
360 2837 479 2889 unum,
499 2815 590 2900 quod
607 2836 688 2878 vero
706 2812 843 2877 nomine
862 2833 986 2897 poena,

93 2942 160 2985 non
179 2923 289 2986 bonor
305 2935 376 2985 est:
394 2943 555 3007 poenam,
574 2921 767 2994 Phaethon,
783 2943 844 3004 pro
862 2941 1004 2984 munere
1018 2919 1142 3004 poscis.

93 3028 175 3112 quid
192 3049 269 3092 mea
286 3029 374 3093 colla
391 3042 487 3093 tenes
502 3028 650 3101 blandis,
670 3029 803 3114 ignare,
824 3025 981 3090 lacertis?
1097 3058 1145 3096 100

93 3154 136 3198 ne
152 3135 282 3210 dubita,
301 3135 642 3221 dabitur—Stygias
661 3135 851 3221 juravimus
869 3129 1056 3197 undasl-

92 3242 332 3328 quodcumque
349 3242 496 3327 optaris:
522 3243 581 3306 sed
599 3254 634 3305 tu
651 3239 836 3324 sapientius
854 3239 957 3323 opta'

118 3320 166 3412 lF
168 3348 288 3412 inie'rat
305 3345 450 3413 monitus
461 3350 474 3387 ³¹
498 3343 596 3413 dictis
613 3333 800 3411 tamen²ille
818 3356 1000 3432 repugnat,

82 3447 369 3541 'propositumque
386 3444 731 3540 premitl²flagratque
749 3445 1058 3535 cu'pidine'currus.

84 3548 744 3651 tergo*quallicuielgebilor'cunctatus
763 3559 807 3622 ad
825 3559 909 3622 altos
1095 3588 1142 3644 105

80 3654 218 3723 deducit
221 3666 404 3746 juvenem,
430 3666 604 3737 Vulcania
625 3693 792 3752 munera,
810 3693 951 3741 eutius.

58 3776 185 3821 wrm
200 3764 279 3826 ‘'³²“ss
296 3782 384 3845 t'fflt,
406 3784 503 3842 terno
523 3804 677 3868 aureus,
702 3812 819 3858 aurea
838 3806 1014 3858 summae
1052 3807 1055 3812 ·

47 3869 223 3923 curvatura
239 3881 355 3948 rotae,
376 3885 574 3962 radiorum
597 3919 815 3994 argenteus
835 3904 951 3975 outo,
