2444 4134
61 184 156 237 VIII.
173 185 250 256 724]
280 167 374 255 They
397 190 460 233 are
482 168 724 253 transformed
744 175 778 232 to
809 166 845 232 Τ
839 188 926 237 reas.
1080 186 1121 249 91

109 363 203 427 Vota
220 365 306 430 fides
323 365 494 452 sequiturz
519 364 637 450 templi
654 365 758 428 tutela
776 363 885 438 fuere,

63 470 179 534 donec
196 470 264 534 vita
282 472 361 535 data
379 482 441 536 est.
489 469 603 535 Annis
621 491 774 556 aevoque
791 470 905 545 soluti,

65 588 145 640 ante
162 578 293 662 gradus
310 599 426 643 sacros
443 599 521 643 cum
539 587 668 642 starent
685 576 782 652 sorte,
801 577 937 665 locique

65 683 258 766 inciperent
274 706 386 757 casus,
407 684 565 748 frondere
582 681 787 748 Philemona
806 683 947 759 Baucis,

66 789 224 853 Baucida
240 791 420 876 conspexit
435 790 549 855 senior
565 789 725 856 frondere
741 789 937 856 Philemon.
1070 820 1100 874 71
1106 820 1121 877 ς

61 899 205 984 jamque
223 919 327 983 super
344 897 501 984 geminos
519 909 693 962 crescente
712 897 891 963 cacumine
909 898 1020 962 vultus

67 1015 198 1076 mutua,
218 1003 298 1068 dum
318 1003 424 1078 licuit,
443 1004 633 1068 reddebant
649 1004 752 1079 dicta,
783 1003 866 1069 Vale
882 1026 948 1090 que

70 1109 103 1174 0
118 1109 270 1194 conjunx
287 1110 405 1174 dixere
422 1109 537 1186 simul,
556 1110 657 1176 simul
676 1111 791 1176 abdita
808 1110 893 1175 texit

64 1237 126 1282 ora
143 1216 268 1281 frutex.
318 1216 477 1283 Ostendit
494 1219 608 1282 adhuc
625 1217 795 1282 Thine'r'us
812 1217 883 1281 illic

65 1326 181 1390 incola
197 1325 240 1390 de
257 1326 398 1414 gemino
413 1326 545 1392 vicinos
562 1345 703 1411 corpore
722 1336 871 1389 truncos.
1069 1355 1122 1409 720

65 1433 155 1498 haec
172 1432 256 1496 mihi
274 1455 344 1497 non
358 1431 439 1517 vani
450 1453 616 1518 -neque
634 1441 706 1496 erat
728 1452 789 1496 cur
805 1431 925 1496 fallere
941 1431 1121 1496 vellent—

65 1559 252 1605 narravere
269 1561 391 1606 senes:
416 1536 575 1626 equidem
592 1537 777 1624 pendentia
793 1536 863 1601 vidi

66 1658 157 1713 serta
174 1668 278 1733 super
293 1667 427 1722 ramos3
454 1666 653 1732 ponensque
670 1643 833 1718 recentia,
853 1643 947 1709 dixit

71 1753 171 1822 Cura
183 1755 244 1842 pu·
254 1754 308 1819 dis
323 1762 415 1830 sunt,
435 1761 468 1818 et
483 1754 548 1840 qui
559 1751 695 1817 coluere
711 1750 887 1816 coluntur.
