2444 4134
47 102 128 210 -Xw
143 156 220 227 834]
327 137 476 226 Jupiter
485 137 654 223 fhretells
676 136 730 201 his
758 136 881 224 Glory.
1054 154 1114 224 151

65 353 98 417 in
113 354 282 438 templum
300 353 430 440 gladii3
453 372 566 438 neque
583 351 675 416 enim
691 349 788 417 locus
805 351 895 416 ullus
912 351 947 414 in
965 350 1061 417 Urbe

66 461 107 524 ad
123 459 261 525 facinus
277 461 455 545 diramque
471 458 597 544 placet,
615 457 680 522 nisi
697 458 805 533 curia,
824 458 980 522 caedem.

65 577 134 630 turn
152 588 236 630 vero
253 565 428 652 Cytherea
445 586 550 629 manu
567 564 734 650 percussit
750 576 893 650 utraque

65 686 198 758 pectus,
218 686 251 736 et
268 673 419 736 aetheria
437 673 573 736 molitur
590 671 738 735 condere
755 671 860 745 nube,

66 802 132 866 qua
150 781 247 865 prius
263 780 385 844 infesto
402 778 500 843 Paris
516 790 567 843 est
583 789 720 862 ereptus
736 777 893 854 Atridae,
1067 796 1118 866 805

66 899 98 951 et
114 887 328 952 Diomedeos
345 886 483 951 Aeneas
500 886 635 972 fugerat
651 905 762 949 enses.

109 993 259 1058 Talibus
277 995 366 1058 hanc
383 993 537 1081 genitor:
563 991 673 1056 ‘Sola
691 992 922 1078 insuperabile
939 993 1060 1070 fatum,

66 1114 161 1176 nata,
181 1122 319 1164 movere
337 1099 461 1184 paras?
484 1101 589 1163 intres
606 1099 685 1162 licet
701 1099 776 1184 ipsa
793 1123 947 1166 sororum

65 1221 156 1273 tecta
173 1207 296 1272 trium!
322 1229 442 1272 cernes
459 1207 529 1270 illic
545 1205 720 1272 molimine
737 1219 833 1273 vasto

67 1338 111 1380 ex
129 1336 210 1378 aere
228 1326 261 1378 et
277 1315 386 1379 solido
402 1334 513 1378 rerum
530 1313 699 1377 tabularia
716 1314 818 1390 ferro,
1070 1332 1123 1385 810

66 1444 159 1509 quae
176 1443 288 1507 neque
305 1441 510 1485 concursum
528 1419 628 1494 caeli,
647 1442 758 1508 neque
775 1421 928 1487 fulminis
944 1421 1046 1496 iram,

67 1551 134 1593 nec
151 1539 308 1592 metuunt
323 1529 412 1591 ullas
428 1537 499 1590 tuta
516 1537 616 1612 atque
634 1540 771 1592 aeterna
788 1530 917 1593 ruinas.

66 1635 227 1700 invenies
243 1634 314 1698 illic
330 1634 438 1698 incisa
456 1633 639 1698 adamante
657 1636 798 1719 perenni

67 1744 141 1807 sata
157 1742 206 1806 tui
223 1740 382 1828 generis:
408 1739 478 1826 legi
496 1740 568 1824 ipse
585 1742 768 1828 animoque
785 1741 914 1817 notavi,

68 1861 104 1914 et
120 1850 283 1922 reseram,
301 1869 345 1911 ne
362 1846 408 1911 sis
427 1847 612 1911 etiamnum
631 1849 752 1934 ignara
770 1849 884 1913 futuri.
1075 1865 1125 1932 815

118 1967 127 1996 ⁶
146 1955 216 2020 Hic
232 1975 294 2019 sua
312 1954 507 2038 complevit,
526 1977 683 2041 proquo,
702 1955 889 2042 Cytherea,
908 1956 1059 2029 laboras,

69 2073 229 2148 tempora
247 2061 405 2146 perfectis
421 2083 507 2146 quos
525 2074 634 2125 terrae
652 2063 766 2126 debuit
782 2063 894 2127 annis.

70 2184 109 2235 ut
126 2172 213 2234 deus
230 2170 372 2233 accedat
389 2168 485 2232 caelo
500 2169 704 2254 templisque
724 2170 865 2243 locetur,

32 2307 35 2311 >
70 2291 109 2343 tu
125 2277 234 2340 facies
251 2288 418 2361 natusque
436 2297 530 2348 suus,
550 2275 608 2360 qui
626 2275 773 2338 nominis
791 2276 914 2339 haeres

71 2385 272 2470 impositum
289 2382 374 2446 seret
389 2403 478 2445 unus
495 2403 595 2456 onus,
615 2381 799 2468 caedisque
816 2379 968 2466 parentis
1078 2396 1132 2449 820

72 2515 138 2557 nos
155 2492 191 2555 in
207 2490 299 2554 bella
317 2510 396 2554 suos
412 2488 614 2553 fortissimus
632 2489 721 2552 ultor
738 2488 888 2552 habebit.

73 2600 167 2663 illius
185 2596 346 2681 auspiciis
363 2596 524 2660 obsessae
541 2595 675 2658 moenia
692 2616 814 2680 pacem

73 2709 166 2771 victa
183 2717 301 2791 petunt
317 2703 496 2778 Mutinae3
521 2700 700 2767 Pharsalia
718 2702 839 2766 sentiet
855 2702 950 2766 illum
964 2722 974 2776 ;

74 2816 307 2900 Emathiaque
323 2813 446 2877 iterum
464 2810 648 2874 madefient
664 2808 771 2872 caede
789 2807 938 2893 Philippi
952 2829 962 2882 ;

75 2934 109 2987 et
128 2943 293 3008 magnum
311 2919 437 2985 Siculis
455 2937 581 2982 nornen
599 2914 813 2999 superabitur
828 2914 951 2986 undis3
1080 2930 1130 2996 825

75 3028 298 3114 Romanique
316 3027 413 3091 ducis
431 3025 582 3111 conjunx
600 3020 775 3108 Aegyptia
792 3021 914 3084 taedae

75 3159 146 3201 non
163 3136 252 3200 bene
269 3135 332 3198 fisa
349 3133 469 3197 cadet:
495 3130 687 3215 frustraque
706 3128 769 3191 erit
785 3127 843 3190 illa
860 3126 1003 3201 minata,

76 3243 245 3309 servitura
263 3262 324 3304 suo
341 3237 512 3323 Capitolia
530 3248 645 3301 nostra
665 3234 823 3318 Canopo·

125 3360 134 3389 ⁶
152 3347 248 3430 Quid
264 3346 322 3410 tibi
339 3345 547 3417 barbariem,
567 3353 688 3429 gentes
706 3342 749 3405 ab
765 3352 909 3425 utroque
922 3337 1077 3426 jacentes

77 3457 223 3522 Oceano
240 3449 440 3516 numerem?
467 3449 722 3534 Quodcumque
741 3446 927 3511 habitabile
945 3445 1046 3508 tellus
1083 3463 1135 3526 830

77 3562 235 3635 sustinet,
254 3558 355 3645 hujus
372 3557 454 3630 erit3
480 3567 604 3641 pontus
620 3574 756 3640 quoque
773 3553 897 3618 serviet
914 3551 975 3615 illi.

77 3689 167 3757 pace
184 3667 264 3731 data
279 3664 391 3739 terris,
410 3662 563 3727 animum
581 3660 624 3724 ad
643 3659 755 3724 civilia
773 3669 879 3722 vertet

77 3777 156 3866 jura
173 3794 287 3848 suurn,
305 3771 471 3858 legesque
489 3769 572 3833 feret
583 3766 794 3855 justissimus
812 3775 955 3832 auctore

72 3879 301 3957 exemploque
314 3896 379 3938 suo
394 3897 510 3940 mores
527 3886 640 3964 reget,
662 3876 772 3968 inque
789 3877 906 3948 futuri
