2444 4134
124 149 187 214 108
434 149 470 215 Τ
463 151 505 215 he
529 147 636 236 Story
660 150 708 235 os
720 148 854 214 Melias·
1030 167 1159 238 [Marna.

121 345 192 421 ille,
212 347 302 411 male
318 369 442 412 usurus
458 346 570 421 donis,
589 345 636 409 ait
654 345 797 420 ‘Effice‚
816 347 981 432 quicquid

123 473 264 537 corpore
281 453 471 540 contigero,
489 452 621 516 fulvum
638 463 788 516 vertatur
805 452 839 516 in
857 453 1002 516 aurum!

123 559 241 623 adnuit
257 559 393 643 optatis,
412 560 636 645 nocituraque
655 579 797 624 munera
814 559 915 623 solvit

122 665 242 740 Liber,
261 677 294 730 et
310 665 466 739 indoluit,
485 668 577 751 quod
594 687 662 729 non
681 665 821 729 meliora
839 666 991 750 petisset.
1125 695 1165 751 105
1186 664 1192 669 ⁴

168 770 296 836 Laetus
315 772 395 844 abit,
415 773 610 858 gaudetque
629 773 720 835 malo
738 770 965 858 Berecyntius
983 773 1107 837 heros:

123 879 332 965 pollicitique
349 880 451 943 fidem
469 880 644 964 tangendo
661 878 798 964 singula
816 891 969 963 temptat.

122 987 248 1073 vixque
266 986 329 1050 sibi
347 987 503 1060 credens,
523 1007 591 1049 non
610 986 677 1048 alta
695 985 815 1051 sronde
831 985 953 1050 virenti

123 1094 200 1157 ilice
218 1093 364 1157 detraxit
380 1094 536 1178 virgam:
563 1093 661 1178 virga
679 1112 783 1155 aurea
802 1092 890 1156 facta
908 1103 980 1166 est3

122 1201 207 1265 tollit
224 1201 328 1264 humo
346 1221 489 1263 saxum:
515 1218 638 1262 saxum
655 1218 791 1283 quoque
807 1199 928 1282 palluit
944 1220 1052 1276 aur03
1127 1229 1170 1269 uo

122 1306 264 1392 contigit
280 1318 313 1368 et
330 1306 489 1391 glebam:
516 1314 672 1369 contactu
690 1305 793 1390 gleba
811 1303 939 1389 potenti

123 1435 236 1477 massa
253 1413 308 1485 fit;
335 1412 461 1475 arentis
479 1409 615 1476 Cereris
632 1410 802 1496 decerpsit
819 1411 960 1477 aristas:

122 1540 225 1583 aurea
245 1518 364 1583 messis
382 1531 473 1588 erat;
499 1518 673 1602 demptum
692 1529 783 1582 tenet
800 1518 921 1583 arbore
938 1541 1103 1604 pomum:

93 1698 96 1702 Α
123 1625 336 1710 Hesperidas
354 1625 500 1688 donasse
517 1637 626 1709 putes.
674 1623 711 1687 si
730 1624 882 1708 postibus
899 1626 976 1691 altis

122 1732 272 1797 admovit
288 1733 425 1819 digitos,
446 1744 558 1816 postes
576 1731 710 1796 radiare
727 1731 904 1805 videntum

121 1839 178 1903 ille
197 1839 298 1904 etiam
316 1838 453 1925 liquidis
471 1840 603 1922 palmas
620 1838 676 1903 ubi
695 1839 825 1902 laverat
841 1840 954 1915 undis,

121 1947 214 2011 unda
230 1945 341 2010 fluens
358 1945 482 2030 palmis
501 1944 646 2009 Danaen
665 1946 804 2010 eludere
822 1959 945 2030 posset.

164 2052 236 2117 Vix
253 2074 332 2138 spes
350 2052 424 2137 ipse
441 2074 521 2117 suas
539 2053 652 2116 animo
671 2052 773 2136 capit,
793 2074 898 2116 aurea
915 2054 1055 2142 fingens

120 2162 249 2226 omnia.
300 2158 472 2224 Gaudenti
491 2181 627 2223 mensas
644 2181 789 2244 posuere
807 2159 949 2224 ministri

121 2278 310 2332 exstructas
327 2267 485 2352 dapibus,
505 2288 569 2330 nec
585 2278 692 2331 tostae
710 2266 818 2353 frugis
835 2278 999 2353 egentes:

120 2387 191 2440 tum
208 2397 302 2450 vero,
321 2375 393 2439 sive
410 2375 467 2438 ille
485 2396 547 2439 sua
565 2372 722 2439 Cerealia
741 2374 861 2437 dextra

121 2504 262 2548 munera
281 2483 482 2570 contigerat,
502 2480 660 2547 Cerealia
678 2482 768 2545 dona
786 2481 963 2568 rigebant3

120 2591 192 2656 sive
209 2591 316 2674 dapes
333 2590 433 2654 avido
450 2590 644 2653 convellere
661 2590 761 2653 dente
778 2589 935 2672 parabat,

119 2697 248 2761 lamina
265 2697 357 2760 fulva
375 2698 494 2781 dapes,
514 2697 651 2760 admoto
668 2696 782 2770 dente,
802 2696 979 2780 premebat
990 2717 999 2770 ;

120 2804 304 2868 miscuerat
319 2805 413 2889 puris
431 2815 604 2868 auctorem
622 2802 772 2866 muneris
790 2801 913 2866 undisz

120 2912 219 2976 fusile
236 2934 297 2995 per
314 2912 416 2976 rictus
435 2932 555 2974 aurum
571 2910 704 2974 fluitare
723 2910 869 2973 videres

165 3018 337 3082 Attonitus
354 3018 502 3082 novitate
520 3017 615 3091 mali,
635 3018 798 3102 divesque
817 3017 1002 3102 miserque,

120 3125 278 3212 effugere
291 3137 385 3209 optat
401 3148 496 3209 opes,
517 3137 549 3188 et
565 3146 654 3210 quae
673 3125 771 3188 modo
790 3134 943 3197 voverat,
960 3122 1043 3188 odit.

121 3231 220 3316 copia
237 3232 332 3295 nulla
349 3232 476 3295 samem
493 3233 642 3295 relevatz
667 3231 738 3295 sitis
756 3230 852 3293 arida
869 3242 985 3316 guttur

120 3339 199 3414 urit,
217 3350 250 3403 et
266 3338 375 3403 inviso
393 3338 532 3402 meritus
548 3349 723 3423 torquetur
740 3339 783 3401 ab
801 3359 896 3401 auro.
1127 3369 1175 3423 130

121 3444 165 3508 ad
182 3443 384 3528 caelumque
404 3464 525 3505 manus
540 3452 572 3505 et
589 3442 770 3526 splendida
787 3442 951 3505 bracchia
968 3443 1106 3519 tollenS,

122 3549 203 3614 ‘Da
219 3549 368 3623 veniam,
388 3546 528 3611 Lenaee
545 3547 662 3632 pater!
688 3548 932 3633 peccavimus,’
950 3548 1071 3634 inquit,

19 3677 20 3682 ¹
122 3656 208 3721 ‘sed
225 3655 401 3728 miserere,
420 3675 553 3738 precor,
573 3655 795 3740 speciosoque
813 3655 906 3740 eripe
923 3653 1074 3719 damno·⁸

114 3796 115 3799 κ
166 3760 252 3824 Mite
270 3762 372 3825 deum
388 3759 692 3838 numen,Bacchus
710 3782 873 3846 peccasse
890 3762 1053 3826 fatentem

99 3867 261 3944 restituit,
281 3869 438 3958 factique
456 3869 527 3936 fide
545 3870 630 3936 datu
648 3889 796 3934 munera
813 3867 927 3931 soluit.
1134 3899 1186 3947 ης
