2444 4134
89 123 154 192 168
460 125 609 192 §horter
632 126 768 192 Poems.
983 139 1123 210 [anonas

87 322 195 388 Plena
213 323 274 388 fuit
289 322 386 388 vobis
402 323 494 390 omni
512 322 696 390 concordia
712 324 794 398 vita,

132 429 176 494 Et
193 431 282 494 stetit
298 432 341 494 ad
358 431 462 494 finem
481 431 583 517 longa
601 443 772 517 tenaxque
789 431 887 496 fides.

89 535 193 619 Quod
210 537 272 601 suit
287 536 454 624 Argolico
466 536 602 624 juvenis
619 537 778 602 Phoceus
794 537 955 613 Orestae,
1107 564 1132 621 ις

135 643 211 708 Hoc
227 644 300 718 tibi,
318 645 401 707 dum
419 643 524 714 licuit,
544 646 697 728 psittace,
716 655 824 708 turtur
840 657 924 709 erat.

89 747 182 833 Qid
200 761 314 814 tamen
332 750 395 814 ista
412 750 509 824 fides,
529 751 609 835 quid
628 750 694 813 rari
712 751 820 815 forma
838 751 976 826 coloris,

133 855 227 939 Quid
244 878 312 920 vox
330 857 500 920 mutandis
517 856 697 943 ingeniosa
714 858 820 933 sonis,

33 1001 36 1005 -
88 961 181 1045 Quid
195 962 304 1050 juvat,
323 975 359 1026 ut
375 964 473 1027 datus
490 984 539 1036 es,
559 974 693 1028 nostrae
712 965 881 1049 placuisse
898 962 1059 1050 puellae?

133 1069 256 1133 Infelix
274 1069 386 1132 avium
405 1069 528 1155 gloria,
549 1091 673 1155 nempe
687 1071 795 1159 jaces.
1104 1101 1134 1140 20

86 1177 143 1241 Tu
160 1188 296 1261 poteras
312 1175 452 1261 fragiles
471 1176 583 1260 pinnis
601 1178 762 1242 hebetare
780 1177 1002 1265 zmaragdos

130 1282 255 1346 Tincta
273 1303 397 1369 gerens
415 1283 516 1346 rubro
533 1282 664 1348 Punica
681 1296 788 1349 rostra
805 1305 916 1349 croco.

86 1388 166 1454 Non
185 1389 247 1452 suit
263 1390 297 1452 in
315 1389 412 1452 terris
429 1410 551 1452 vocum
570 1391 784 1456 simulantior
801 1392 893 1456 alesr

132 1495 319 1560 Reddebas
335 1494 453 1560 blaeso
470 1509 539 1560 tam
556 1497 644 1562 bene
661 1500 765 1562 verba
782 1519 877 1563 sono.

87 1602 222 1686 Raptus
239 1623 276 1666 es
293 1601 442 1666 invidia:
469 1625 536 1668 non
554 1615 589 1668 tu
607 1605 677 1669 sera
695 1605 785 1668 bella
803 1604 988 1678 movebas;

133 1707 300 1772 Garrulus
317 1722 349 1772 et
367 1710 523 1794 placidae
541 1711 635 1796 pacis
652 1723 782 1776 amator
798 1731 888 1776 eras.

87 1814 192 1888 Ecce,
212 1816 403 1881 coturnices
420 1817 506 1881 inter
523 1838 584 1882 sua
603 1818 731 1902 proelia
748 1818 878 1892 vivunt,

132 1922 289 1986 Forsitan
306 1935 339 1988 et
355 1925 438 1988 fiant
455 1924 533 1989 inde
550 1925 744 2010 frequenter
761 1946 859 1988 anus·

87 2027 215 2094 Plenus
233 2050 308 2095 eras
325 2030 488 2097 minimos
514 2053 578 2096 nec
595 2053 676 2117 prae
693 2031 858 2097 sermonis
876 2050 994 2094 amore

133 2135 173 2200 In
192 2138 315 2202 multos
332 2152 467 2223 poteras
483 2159 542 2204 ora
560 2159 685 2203 vacare
703 2139 809 2203 cibos,

87 2243 172 2309 Nux
189 2256 261 2309 erat
278 2268 357 2310 esca
375 2246 446 2320 tibi,
466 2266 658 2331 causaeque
677 2266 848 2329 papavera
866 2242 989 2316 somni,

133 2351 354 2438 Pellebatque
372 2353 461 2416 sitim
478 2353 642 2436 simplicis
659 2374 757 2415 umor
774 2372 895 2437 aquae.

87 2457 190 2524 Vivet
206 2461 296 2525 edax
315 2461 435 2533 vultur,
454 2461 650 2544 ducensque
667 2481 728 2544 per
744 2463 824 2525 aera
842 2478 947 2544 gyros

134 2567 278 2644 Miluus,
298 2580 330 2632 et
347 2568 483 2653 pluviae
502 2566 664 2653 graculus
682 2579 798 2628 auctor
815 2585 946 2650 aquae;

87 2672 190 2739 Vivet
207 2687 239 2738 et
256 2675 436 2739 armiferae
454 2673 574 2738 cornix
591 2672 699 2735 invisa
717 2671 910 2744 Minervae,

135 2782 198 2845 Illa
215 2785 353 2869 quidem
370 2783 493 2847 saeclis
510 2780 568 2843 vix
586 2779 746 2842 moritura
763 2799 897 2841 novem.

34 2896 41 2905 '
91 2886 226 2953 Occidit
242 2890 298 2954 ille
316 2891 455 2976 loquax,
477 2891 649 2952 humanae
667 2886 759 2950 vocis
777 2884 907 2971 imago,

135 2995 316 3070 Psittacus,
336 3011 488 3061 extremo
506 3016 629 3058 munus
647 2994 690 3056 ab
707 2993 788 3056 orbe
806 2992 935 3055 datum.

91 3100 230 3185 Optima
249 3103 357 3187 prima
374 3104 443 3166 sere
463 3103 619 3166 manibus
636 3100 813 3185 rapiuntur
830 3097 963 3172 avaris;

136 3208 326 3293 Implentur
343 3210 493 3273 numeris
510 3210 676 3274 deteriora
694 3208 774 3272 suis.

90 3314 219 3381 Tristia
236 3316 448 3404 Phylacidae
465 3317 642 3381 Thersites
659 3315 779 3378 funera
796 3311 900 3377 viditz

133 3422 280 3509 Jamque
298 3424 396 3498 ciniS,
414 3424 500 3489 vivis
516 3422 687 3495 fratribus,
708 3422 837 3486 Hector
854 3429 937 3484 erat.

94 3527 189 3612 Quid
207 3531 350 3594 referam
368 3531 506 3595 timidae
523 3551 585 3614 pro
600 3539 632 3592 te
651 3528 706 3611 pia
724 3540 801 3592 vota
820 3526 969 3611 puellae,

135 3635 217 3700 Vota
230 3640 432 3723 procelloso
447 3659 512 3726 per
529 3657 625 3704 mare
642 3647 744 3721 rapta
759 3632 860 3698 notui

52 3735 218 3822 Septm
236 3749 304 3814 lux
320 3751 463 3829 aderat,
487 3774 560 3820 non
580 3745 791 3816 exhibitura
806 3744 1032 3822 sequentem,
1143 3757 1177 3806 ts

76 3841 131 3909 Et
144 3856 269 3924 stabat
285 3883 411 3932 vacuo
422 3863 511 3956 jam
527 3861 601 3937 tibi
617 3857 748 3928 Parca
767 3848 877 3914 colos
