2444 4134
96 130 282 206 x111.210.]
404 113 476 182 Tae
497 114 667 203 Embassy
689 124 725 182 to
755 113 860 204 Troy.
1087 133 1149 201 1²3

95 322 201 398 utque
218 310 306 377 alios
321 322 469 388 taceam,
486 313 545 400 qui
561 334 703 378 saevum
720 313 864 399 perdere
881 324 997 399 posset

98 417 266 493 Hectora,
285 440 410 506 nempe
425 420 528 486 dedi:
552 441 612 505 per
629 442 684 484 me
696 421 790 510 jacet
805 422 941 486 inclitus
959 420 1102 487 Hector.

95 524 163 591 illis
180 527 270 591 haec
286 529 404 603 armis,
422 528 544 614 quibus
560 543 612 592 est
626 529 784 592 inventus
801 527 969 604 Achilles,

96 653 193 697 arma
210 648 311 718 peto:
336 635 414 699 vivo
430 635 606 710 dederam,
625 647 701 720 post
717 634 786 698 lata
802 655 957 719 reposco·
1103 655 1151 706 180

141 752 151 780 ⁴
168 741 218 806 Ut
235 742 333 806 dolor
348 742 449 806 unius
467 741 608 806 Danaos
626 742 780 827 pervenit
795 742 841 805 ad
857 763 990 818 omnes,

94 844 298 934 Aulidaque
313 847 504 913 Euboicam
521 850 735 934 complerunt
751 848 844 912 mille
861 848 1012 925 carinae,

95 969 298 1040 exspectata
314 956 387 1030 diu,
405 957 500 1018 nulla
516 968 575 1019 aut
591 955 760 1020 contraria
777 955 878 1019 classi

93 1060 238 1126 flamina
255 1073 347 1138 suut,
364 1063 539 1149 duraeque
551 1062 673 1151 jubent
689 1061 956 1148 Agamemnona
972 1072 1080 1128 sortes

94 1169 303 1234 immeritam
320 1190 445 1234 saevae
461 1182 578 1233 natam
594 1182 744 1233 mactare
761 1168 909 1233 Dianae.
1101 1186 1148 1256 185

94 1277 249 1365 denegat
264 1277 331 1342 hoc
347 1277 495 1364 genitor,
512 1276 668 1364 divisque
684 1275 841 1340 irascitur
857 1277 952 1360 ipsis,

95 1397 197 1471 atque
214 1384 251 1448 in
267 1406 351 1472 rege
367 1397 483 1448 tamen
498 1399 595 1470 pater
611 1395 673 1448 est.
723 1382 801 1469 Ego
818 1383 898 1447 mite
915 1383 1066 1469 parentis

93 1492 276 1580 ingenium
293 1492 405 1557 verbis
422 1492 466 1559 ad
482 1491 620 1574 publica
636 1491 818 1556 commoda
835 1491 931 1554 verti.

93 1621 187 1665 nunc
204 1601 365 1687 equidem
382 1599 502 1674 fateor,
520 1598 680 1685 lassoque
696 1599 854 1684 ignoscat
869 1596 1030 1662 Atrides:

93 1707 271 1773 difficilem
288 1708 380 1772 tenui
398 1708 461 1770 sub
477 1706 595 1792 iniquo
606 1705 723 1794 judice
741 1725 894 1769 causam.
1101 1734 1149 1791 ¹90

94 1816 189 1879 hunc
206 1825 321 1878 tamen
338 1814 464 1879 utilitas
482 1813 597 1897 populi
616 1812 786 1897 fraterque
804 1812 941 1898 datique

94 1942 232 1985 summa
249 1931 361 1985 movet
377 1921 514 2006 sceptri,
530 1921 668 1984 laudem
682 1932 719 1983 ut
735 1940 813 1983 cum
831 1919 1002 2005 sanguine
1018 1920 1148 2004 penset.

95 2029 210 2092 mittor
226 2040 259 2092 et
275 2029 319 2092 ad
336 2041 493 2102 matrem,
511 2049 600 2114 quae
618 2049 686 2092 non
705 2027 885 2100 hortanda,
904 2027 966 2090 sed
984 2039 1057 2090 astu

94 2136 301 2220 decipienda
317 2135 390 2199 suit.
441 2133 522 2219 Quo
539 2135 567 2199 si
584 2134 809 2199 Telamonius
827 2133 920 2208 isset,

93 2244 180 2307 orba
197 2241 268 2306 suis
283 2255 398 2307 essent
413 2243 514 2306 etiam
532 2263 625 2306 nunc
641 2242 745 2318 lintea
762 2241 882 2305 ventis.
1101 2270 1146 2329 ¹95

142 2362 152 2393 ⁶
170 2349 289 2416 Mittor
305 2365 337 2417 et
353 2352 478 2418 Iliacas
494 2352 610 2417 audax
625 2365 739 2418 orator
756 2352 798 2417 ad
817 2373 926 2426 arces,

93 2459 240 2545 visaque
257 2471 289 2523 et
304 2460 427 2525 intrata
444 2472 494 2524 est
510 2461 598 2525 altae
616 2460 698 2523 mihi
717 2461 810 2524 curia
828 2458 977 2548 Trojae:

94 2567 268 2652 plenaque
286 2567 400 2630 adhuc
416 2580 488 2631 erat
504 2567 563 2631 illa
579 2567 673 2631 viris.
723 2566 899 2632 Interritus
916 2568 973 2655 egi

93 2694 200 2758 quam
220 2673 301 2736 mihi
320 2673 498 2738 mandarat
514 2674 705 2739 communis
720 2673 868 2739 Graecia
885 2695 1040 2749 causam,

94 2798 291 2863 accusoque
309 2778 425 2853 Parin,
444 2781 676 2866 praedamque
696 2780 935 2866 Helenamque
951 2803 1107 2865 reposc0‚

94 2898 131 2953 et
146 2908 269 2951 moveo
286 2885 460 2951 Priamum
479 2885 684 2974 Priamoque
699 2887 876 2954 Antenora
890 2890 1058 2977 junctum.

95 3007 131 3059 at
147 2993 246 3059 Paris
262 3007 296 3060 et
311 2997 431 3062 fratres
448 2996 553 3083 etqui
571 3018 716 3081 rapuere
735 3000 798 3063 sub
816 2999 887 3071 illo,

93 3102 156 3164 vix
172 3113 312 3166 tenuere
330 3125 452 3167 manus
464 3139 510 3152 -
522 3103 588 3168 scis
602 3103 683 3178 hoc,
705 3102 865 3168 Menelae
879 3103 887 3166 l
900 3141 946 3152 —
957 3103 1125 3168 nefandas
1137 3125 1145 3177 ;

94 3209 278 3293 primaque
295 3209 354 3271 lux
372 3210 475 3272 nostri
492 3222 604 3273 tecum
622 3209 684 3273 suit
700 3209 757 3273 illa
776 3211 904 3295 pericli.

143 3327 151 3355 ‘
170 3314 295 3402 Longa
312 3315 438 3380 referre
456 3338 550 3380 mora
567 3329 630 3388 est,
646 3338 734 3403 quae
752 3318 960 3402 consilioque
976 3337 1146 3402 manuque

93 3421 224 3486 utiliter
240 3421 305 3486 feci
322 3421 461 3506 spatiosi
478 3433 630 3507 tempore
646 3424 740 3488 belli.

94 3540 174 3614 post
191 3528 282 3592 acies
299 3529 427 3613 primas
443 3529 537 3593 urbis
554 3551 590 3594 se
608 3531 786 3594 moenibus
802 3531 917 3595 hostes

95 3634 295 3698 continuere
309 3635 379 3706 diu,
398 3655 465 3698 nec
479 3636 589 3719 aperti
607 3637 707 3725 copia
727 3636 844 3706 martis

78 3734 149 3792 ulla
165 3733 250 3792 suit:
273 3734 410 3799 decimo
427 3739 572 3809 demum
590 3751 842 3840 pugnavimus
861 3771 974 3820 anno.

58 3828 147 3904 quid
157 3829 247 3904 raris
259 3831 410 3913 interea,
429 3846 496 3938 qur·
512 3852 582 3933 m'l,
602 3858 677 3928 nisi
697 3866 865 3951 proelia,
883 3858 1004 3934 noent
1149 3883 1180 3925 ν
