2444 4134
63 160 122 214 111.
145 176 185 229 10,
200 161 260 233 32]
356 144 486 209 Wt'ntcr
510 143 636 210 Sernes
659 148 696 210 in
728 147 873 213 Thrace.
1061 166 1122 234 177

207 358 240 422 3.
277 339 409 405 Wr‘nter
432 338 558 405 Scenes
582 344 618 405 in
650 342 785 408 Thrace
813 344 879 431 (iii.
902 345 980 434 10).

66 553 213 698 SIQJ
217 553 260 619 IS
279 555 393 619 adbuc
409 554 484 619 istic
501 555 654 620 meminit
670 555 822 623 Nasonis
841 560 1008 647 adempti,

168 661 213 725 Et
229 673 384 745 superest
399 661 472 725 sine
489 683 544 725 me
562 684 686 726 nomen
704 664 738 726 in
756 664 851 730 Urbe
870 691 999 745 meum,

66 767 289 852 Suppositum
306 768 411 832 stellis
429 790 615 854 numquam
634 772 854 857 tangentibus
875 797 1002 862 aequor

108 875 170 939 Me
189 875 275 938 sciat
290 875 325 938 in
343 875 456 939 media
472 875 588 940 vivere
607 877 780 944 barbarie.

67 981 293 1048 Sauromatae
309 983 466 1070 cingunt,
485 983 556 1048 fera
574 1006 673 1070 gens,
695 985 863 1076 Bessique
883 989 1074 1078 Getaeque,
1104 1023 1119 1079 5

109 1089 227 1174 Quam
246 1112 314 1155 non
330 1090 471 1177 ingenio
488 1092 627 1156 nomina
647 1095 754 1181 digna
774 1096 871 1161 meo!

67 1197 157 1262 Dum
175 1209 290 1262 tamen
308 1219 391 1262 aura
408 1210 512 1283 tepet,
531 1200 644 1264 medio
663 1202 880 1267 defendimur
898 1204 1037 1269 Histro:

108 1306 172 1371 Ille
191 1307 261 1371 suis
278 1307 427 1393 liquidus
444 1308 535 1371 bella
553 1309 688 1392 repellit
705 1311 816 1394 aquis.

66 1413 110 1480 At
127 1437 208 1479 cum
225 1415 327 1479 tristis
344 1415 479 1498 hiemps
496 1417 686 1500 squalentia
704 1418 841 1502 protulit
857 1439 929 1493 ora,

107 1523 289 1608 Terraque
308 1543 500 1586 marmoreo
518 1523 665 1587 candida
683 1525 772 1588 facta
789 1525 870 1612 gelu
887 1536 950 1599 est,

67 1630 158 1696 Dum
177 1643 267 1694 vetat
283 1642 316 1694 et
331 1627 462 1694 Boreas
479 1642 512 1694 et
528 1631 588 1694 nix
606 1631 760 1696 habitare
778 1633 840 1696 sub
858 1631 979 1708 Arcto,

108 1740 204 1802 Tum
219 1738 338 1824 liquet,
358 1738 421 1801 has
439 1749 559 1823 gentes
577 1759 643 1801 axe
659 1750 825 1802 tremente
843 1739 966 1823 premi.

67 1845 138 1910 Nix
152 1847 256 1932 jacet,
275 1855 308 1908 et
324 1844 474 1932 glaciem
491 1864 555 1908 nec
571 1845 622 1908 sol
639 1845 821 1929 pluviaeve
839 1847 1028 1920 resolvunt,

110 1952 255 2017 Indurat
272 1949 401 2016 Boreas
418 1963 687 2038 perpetuamque
705 1952 807 2026 facit3

68 2059 162 2147 Ergo
179 2059 238 2122 ubi
255 2058 393 2122 delicuit
409 2059 562 2122 nondum
578 2059 684 2142 prior,
703 2059 810 2123 altera
828 2058 934 2134 venit,

111 2166 156 2230 Et
173 2166 258 2231 solet
273 2165 306 2228 in
326 2165 439 2228 multis
455 2164 548 2228 bima
568 2185 705 2229 manere
723 2165 819 2230 locis.

67 2275 250 2358 Tantaque
267 2271 427 2337 commoti
443 2271 495 2335 vis
510 2282 562 2335 est
578 2269 774 2357 Aquilonis,
794 2283 831 2336 ut
848 2272 935 2337 altas

112 2380 251 2466 Aequet
267 2381 371 2442 humo
388 2389 497 2442 turres
513 2390 670 2463 tectaque
687 2392 783 2463 rapta
801 2380 900 2444 ferat.

67 2486 223 2552 Pellibus
238 2498 272 2550 et
287 2485 370 2550 sutis
387 2496 504 2548 arcent
521 2484 612 2548 mala
629 2485 759 2571 frigora
773 2486 924 2561 braccis,

112 2593 253 2679 Oraque
270 2593 313 2656 de
329 2604 397 2656 toto
414 2612 556 2675 corpore
575 2592 647 2654 sola
665 2601 792 2674 patent.

68 2701 184 2787 Saepe
201 2711 324 2765 sonant
340 2699 421 2763 moti
438 2698 551 2785 glacie
568 2698 738 2782 pendente
756 2699 886 2783 capilli,

114 2808 159 2872 Et
175 2808 257 2871 nitet
273 2806 411 2870 inducto
427 2805 576 2869 candida
592 2805 699 2868 barba
718 2806 812 2890 gelu.

68 2917 244 3001 Nudaque
262 2913 460 2984 consistunt,
480 2911 626 2976 formam
644 2913 814 2976 servantia
830 2924 951 2988 testae,

113 3024 221 3096 Vina,
241 3041 306 3086 nec
322 3022 443 3084 hausta
462 3019 559 3091 meri,
578 3019 639 3082 sed
656 3020 736 3083 data
752 3018 858 3082 frusta
875 3020 1006 3086 bibunt.

70 3132 165 3217 Quid
183 3133 317 3218 loquar,
335 3140 371 3193 ut
386 3127 490 3192 vincti
508 3138 732 3190 concrescant
749 3126 874 3213 frigore
892 3126 968 3200 rivi,

116 3240 238 3326 Deque
256 3239 333 3301 lacu
350 3236 491 3323 fragiles
509 3234 713 3298 effodiantur
732 3232 865 3318 aquae?

69 3348 163 3434 Ipse,
182 3345 377 3432 papyrifero
393 3343 450 3430 qui
467 3365 536 3407 non
554 3342 731 3429 angustior
747 3362 848 3405 amne

116 3456 284 3520 Miscetur
299 3464 394 3517 vasto
412 3452 518 3515 multa
535 3470 671 3535 perora
689 3449 786 3522 fret0,

69 3561 261 3630 Caeruleos
277 3559 386 3624 ventis
403 3557 521 3623 latices
539 3557 754 3630 durantibus,
776 3556 893 3620 Hister

116 3667 302 3755 Cougelat,
321 3678 353 3730 et
369 3665 464 3729 tectis
482 3664 517 3727 in
536 3684 628 3727 mare
647 3664 750 3748 serpit
768 3664 877 3749 aquis.

72 3773 224 3860 Quaque
239 3784 329 3837 rates
345 3771 467 3845 ierant,
486 3770 629 3856 pedibus
647 3790 738 3834 nunc
755 3771 832 3846 itur,
852 3781 884 3835 et
899 3769 1011 3835 undas

110 3880 255 3963 Frigore
269 3888 450 3942 concretas
468 3879 603 3968 ungula
623 3880 743 3968 pulsat
759 3879 868 3971 equit
