2444 4134
70 151 89 206 1.
109 149 224 222 arro]
398 131 572 218 Penelope
594 140 629 196 to
660 127 810 216 Ulysses.
1057 126 1119 216 165

66 329 179 417 Atque
197 328 283 394 alios
300 328 460 404 reseram,
478 350 565 415 quos
581 348 701 392 omnes
716 326 859 412 turpiter
874 328 1000 393 absens

104 435 187 523 Ipse
203 447 261 501 tuo
278 435 384 522 partis
401 435 570 522 sanguine
587 434 690 499 rebus
706 431 793 498 alis?

63 543 136 608 Irus
154 565 264 630 egens
281 542 483 628 pecorisque
499 540 714 605 Melanthius
731 552 826 605 actor
842 541 968 606 edendi
1085 570 1119 629 95

105 650 260 716 Ultimus
278 650 445 713 accedunt
461 648 496 711 in
513 659 571 712 tua
588 647 717 712 damna
733 649 858 733 pudor.

61 757 149 822 Tres
165 777 286 820 sumus
303 755 446 821 inbelles
462 775 618 830 numero,
637 754 712 819 sine
728 754 857 819 viribus
876 777 976 831 uxor,

104 863 320 949 Laertesque
337 883 458 937 senex,
475 860 778 948 Telemachusque
797 884 895 947 puer.

60 970 121 1034 Ille
139 992 203 1056 per
220 969 361 1035 insidias
378 989 490 1054 paene
506 980 558 1033 est
575 968 657 1031 mihi
675 990 785 1054 nuper
802 969 996 1054 ademptus,

104 1078 200 1141 Dum
219 1087 317 1162 parat
333 1075 447 1140 invitis
462 1076 622 1141 omnibus
639 1076 688 1141 ire
706 1076 832 1163 Pylon.
1070 1107 1119 1146 roo

61 1185 119 1259 Di,
139 1206 275 1269 precor,
296 1186 361 1248 hoc
372 1183 529 1271 jubeant,
547 1194 584 1249 ut
600 1184 759 1249 euntibus
775 1183 895 1249 ordine
912 1182 990 1247 satis

105 1292 170 1356 Ille
188 1313 284 1355 meos
301 1292 419 1356 oculos
436 1290 653 1377 comprimat,
673 1292 731 1355 ille
747 1301 836 1355 tuos.

60 1398 155 1463 Hinc
172 1399 303 1464 faciunt
318 1409 501 1485 custosque
519 1400 622 1463 boum
639 1399 880 1485 longaevaque
897 1397 1025 1472 nutrix,

104 1506 246 1570 Tertius
263 1505 461 1571 immundae
477 1527 561 1570 cura
578 1505 689 1570 fidelis
707 1506 825 1569 harae.

60 1611 132 1678 Sed
149 1634 262 1699 neque
279 1612 437 1687 Laertes,
455 1612 566 1698 utqui
582 1612 625 1676 sit
641 1612 769 1677 inutilis
787 1612 904 1687 armis,
1069 1641 1116 1696 ¹05

106 1719 274 1785 Hostibus
291 1719 326 1783 in
345 1718 465 1784 mediis
482 1740 592 1806 regna
608 1729 725 1782 tenere
742 1729 863 1804 potest.

59 1826 276 1891 Telemacho
292 1826 418 1901 veniet,
437 1826 530 1890 vivat
547 1827 665 1899 modo,
683 1826 800 1889 sortior
815 1837 930 1890 aetas:

105 1932 212 1998 Nunc
228 1943 301 1997 erat
317 1932 455 1998 auxiliis
471 1932 530 1996 illa
546 1933 673 1996 tuenda
692 1932 809 2016 patris.

59 2040 141 2105 Nec
156 2040 241 2104 mihi
257 2050 337 2105 sunt
352 2039 442 2105 vires
459 2038 616 2104 inimicos
635 2040 764 2123 pellere
781 2039 898 2104 tectis:

105 2146 163 2210 Tu
180 2147 279 2212 citius
295 2147 427 2220 venias,
447 2159 564 2230 portus
580 2159 613 2210 et
629 2166 713 2210 aura
730 2146 808 2210 tuis.
1069 2178 1117 2216 no

59 2254 124 2319 Est
139 2254 212 2328 tibi,
231 2254 355 2339 sitque,
375 2273 508 2337 precor,
529 2264 668 2338 gnatus,
685 2252 744 2337 qui
763 2253 921 2317 mollibus
938 2253 1037 2318 annis

106 2361 147 2424 In
165 2361 293 2446 patrias
311 2372 401 2425 artes
417 2358 627 2424 erudiendus
644 2370 729 2422 erat.

60 2468 216 2553 Respice
231 2456 451 2540 Laerten,‘ut
462 2465 535 2553 jam
552 2485 615 2529 sua
632 2465 763 2528 lumina
781 2465 924 2541 condaS,

105 2573 310 2639 Extremum
328 2573 387 2637 sati
403 2573 547 2637 sustinet
563 2571 621 2635 ille
637 2572 744 2636 diem.

59 2680 165 2748 Certe
181 2702 262 2768 ego,
281 2701 369 2766 quae
386 2679 519 2744 sueram
536 2690 569 2742 te
585 2678 785 2742 discedente
803 2679 931 2763 puella,
1067 2709 1114 2764 115

105 2787 267 2852 Protinus
284 2798 322 2852 ut
334 2786 466 2862 venias,
484 2785 574 2850 sacta
591 2784 733 2850 videbor
749 2805 848 2850 anus.
