2444 4134
71 128 115 181 ll.
133 127 214 198 31o.]
289 107 501 195 Appealof
514 109 570 174 the
592 107 711 174 Eartk
734 115 768 172 to
797 105 955 196 Jupiter.
1088 124 1129 194 27

67 329 180 394 quam
199 307 286 371 solet
302 327 389 380 esse,
409 306 483 382 suit,
501 327 668 393 sacraque
685 306 732 369 ita
749 326 832 370 voce
849 306 962 370 locuta
979 318 1050 371 est:

118 412 184 477 ‘Si
223 413 336 496 placet
367 414 444 487 hoc,
480 414 669 499 meruique,
703 411 785 498 quid
825 411 857 476 Ο
897 424 953 476 tua
984 413 1128 478 fulmina

212 530 361 592 cessant,

68 648 208 692 summe
227 623 352 713 deum?
377 626 478 690 liceat
495 627 664 711 periturae
680 625 810 688 viribus
827 623 916 711 ignis
1077 647 1128 699 280

67 734 155 820 igne
172 732 286 816 perire
302 745 372 806 tu0‚
391 733 593 818 clademque
611 745 748 796 auctore
765 731 892 794 levare.
910 712 917 731 ’

67 842 130 903 vix
148 839 308 926 equidem
326 838 443 903 fauces
461 841 548 903 haec
564 840 638 924 ipsa
655 840 690 901 in
706 838 811 902 verba
828 839 1038 903 resolvo'-

69 958 244 1031 presserat
261 967 320 1010 ora
338 967 444 1030 vapor
456 957 520 994 -‘
536 957 639 1010 tostos
657 967 699 1010 en
718 945 833 1029 aspice
851 945 974 1021 crines

69 1054 175 1139 inque
193 1052 301 1116 oculis
318 1064 461 1126 tantum,
481 1064 610 1116 tantum
629 1073 730 1136 super
747 1072 806 1114 ora
824 1050 973 1115 favillae.

70 1161 180 1223 hosne
199 1160 281 1222 mihi
300 1159 440 1233 fructus,
461 1161 551 1222 hunc
569 1158 747 1223 fertilitatis
765 1159 930 1222 honorem
1075 1179 1124 1245 ²85

70 1266 242 1352 officiique
259 1266 379 1338 refers,
397 1267 488 1351 quod
506 1266 630 1330 adunci
650 1266 791 1329 vulnera
810 1265 911 1327 aratri

70 1384 325 1457 rastrorumque
343 1372 427 1445 sera,
447 1385 583 1458 totoque
601 1393 765 1436 exerceor
782 1393 886 1445 unn0‚

69 1479 163 1565 quod
180 1479 294 1563 pecori
312 1478 449 1543 srondes
468 1480 696 1563 alimentaque
715 1477 808 1541 mitia
841 1479 958 1565 fruges

70 1587 224 1649 humano
241 1586 373 1672 generi,
392 1587 488 1650 vobis
505 1608 640 1672 quoque
657 1597 732 1648 tura
751 1583 925 1648 ministro?

70 1694 131 1757 sed
148 1707 263 1755 tamen
281 1693 420 1755 exitium
440 1692 493 1756 fac
511 1714 565 1756 me
584 1692 761 1762 meruisse,
780 1691 861 1776 quid
879 1692 1013 1766 undae;
1061 1725 1124 1780 ²90

69 1799 152 1886 quid
170 1800 293 1862 meruit
310 1797 435 1862 frater?
459 1821 519 1862 cur
537 1799 584 1861 illi
602 1800 723 1862 tradita
742 1813 829 1862 sorte

70 1928 221 1992 aequora
239 1908 441 1969 decrescunt
458 1919 490 1968 et
508 1907 549 1969 ab
568 1907 705 1968 aethere
724 1905 860 1992 longius
878 1904 1020 1969 absunt?

71 2015 161 2099 quod
179 2013 207 2076 si
224 2035 289 2076 nec
308 2013 433 2085 fratris,
452 2025 565 2076 necte
584 2033 659 2075 mea
679 2013 789 2098 gratia
806 2013 928 2098 tangit,

69 2133 103 2186 at
120 2120 207 2184 caeli
226 2120 386 2183 miserere
403 2119 471 2183 tui!
499 2119 722 2204 circumspice
740 2132 940 2205 utrumque:

68 2229 177 2292 sumat
193 2241 335 2314 uterque
353 2229 471 2312 polus;
497 2249 582 2314 quos
600 2228 628 2292 si
646 2228 812 2291 vitiaverit
829 2228 931 2315 ignis,
1071 2260 1120 2316 295

68 2336 154 2400 atria
171 2347 284 2400 vestra
301 2348 410 2399 ruent.
460 2333 559 2400 Atlas
577 2358 619 2399 en
637 2335 709 2420 ipse
728 2336 870 2409 laborat,

67 2445 195 2532 vixque
211 2445 283 2510 suis
300 2443 450 2508 humeris
466 2444 669 2510 candentem
688 2445 829 2508 sustinet
847 2466 960 2510 axem.

67 2553 95 2617 si
113 2553 212 2626 freta,
232 2553 259 2617 si
277 2563 387 2616 terrae
406 2564 561 2637 pereunt,
581 2552 608 2617 si
626 2552 723 2639 regia
741 2551 839 2626 caeli,

67 2660 102 2723 in
120 2662 226 2725 chaos
244 2661 419 2747 antiquum
431 2661 691 2726 confundimur.
741 2659 844 2744 Eripe
860 2658 1022 2735 flammiS,

67 2769 179 2854 siquid
197 2770 313 2833 adhuc
329 2782 495 2853 superest,
515 2779 547 2832 et
564 2789 676 2832 rerum
695 2769 833 2832 consule
852 2767 1031 2831 summae.’
1069 2801 1120 2853 300

113 2876 258 2940 Dixerat
275 2878 361 2940 haec
379 2877 520 2940 Tellus:
546 2897 657 2962 neque
675 2875 765 2939 enim
783 2876 927 2938 tolerare
944 2896 1106 2960 vaporem

67 2983 208 3047 ulterius
226 2983 344 3068 potuit,
364 3005 427 3047 nec
444 2983 557 3047 dicere
575 2984 693 3067 plura;
720 3005 888 3068 suumque

67 3090 192 3152 rettulit
208 3112 246 3154 os
263 3089 298 3152 in
316 3111 352 3153 se
370 3091 596 3175 propioraque
615 3089 778 3153 Manibus
797 3100 905 3152 antra.

112 3195 159 3259 At
176 3208 272 3280 pater
287 3198 515 3280 omnipotens,
534 3219 676 3280 superos
693 3208 833 3260 testatus
850 3209 882 3260 et
899 3197 1010 3280 ipsum

66 3302 123 3389 qui
141 3303 283 3366 dederat
299 3325 431 3375 currus,
451 3303 514 3367 nisi
532 3324 631 3386 opem
650 3302 748 3376 ferat,
767 3303 882 3367 omnia
899 3303 968 3367 fato
1067 3335 1116 3389 305

65 3409 241 3473 interitura
258 3410 368 3496 gravi,
388 3431 556 3474 summam
575 3411 656 3494 petit
673 3411 799 3474 arduus
817 3431 944 3484 arcem,

65 3515 158 3579 unde
175 3516 261 3580 solet
277 3516 353 3580 latis
371 3517 477 3580 nubes
496 3515 657 3580 inducere
674 3516 784 3589 terris

65 3622 157 3686 unde
175 3634 288 3686 movet
304 3623 457 3693 tonitrus,
477 3623 675 3708 vibrataque
693 3623 835 3686 fulmina
849 3622 966 3710 jactat.

64 3728 126 3792 sed
143 3748 268 3814 neque,
287 3747 373 3814 quas
389 3740 504 3811 posset
519 3729 616 3791 terris
633 3729 808 3803 inducere,
828 3729 935 3793 nubes

64 3845 146 3897 tunc
161 3832 289 3902 habuit,
308 3854 375 3896 nec
389 3855 475 3917 quos
492 3835 591 3899 caelo
608 3833 809 3914 dimitteret,
825 3834 970 3904 imbres.
1075 3868 1128 3922 aa
