2444 4134
87 136 160 190 vll.
188 135 267 208 28o.]
414 116 484 184 The
507 117 632 205 Magi'c
658 115 852 184 Cauldron.

89 336 270 402 aeneaque
288 316 474 403 invergens
490 315 593 400 tepidi
611 313 790 380 carchesia
807 312 919 388 lactis,

87 423 194 486 verba
212 424 315 487 simul
333 423 431 496 sudit,
448 435 653 508 terrenaque
669 421 811 485 numina
828 420 922 494 civit,

87 530 360 616 umbrarumque
377 539 477 616 rogat
492 542 589 613 rapta
607 549 686 592 curn
704 527 852 614 conjuge
869 547 1002 614 regem,

88 658 131 700 ne
149 647 336 720 properent
351 647 445 700 artus
456 634 567 702 anima
583 634 744 698 fraudare
761 633 873 697 senili.
1094 665 1147 720 ²50

135 740 235 826 Quos
253 742 311 806 ubi
329 741 490 826 placavit,
509 741 736 826 precibusque
753 750 786 803 et
803 760 977 804 murmure
993 740 1113 827 longo,

86 847 240 914 Aesonis
256 848 419 912 effoetum
437 847 579 933 proferri
595 867 721 931 corpus
739 846 783 910 ad
799 867 902 911 auras

87 955 198 1043 jussit,
218 967 253 1019 et
268 955 302 1018 in
321 955 441 1040 plenos
457 954 643 1019 resolutum
660 952 814 1017 carmine
830 974 982 1029 somnos,

89 1062 242 1126 exanimi
259 1051 407 1126 similem
424 1061 536 1126 stratis
553 1059 705 1146 porrexit
721 1058 755 1122 in
774 1059 901 1126 herbis.

89 1169 170 1232 hinc
188 1169 308 1253 procul
321 1167 535 1241 Aesoniden,
549 1166 669 1252 procul
688 1166 767 1231 hinc
780 1166 877 1254 jubet
893 1166 942 1232 ire
956 1166 1140 1241 ministros,

89 1288 123 1340 et
139 1287 257 1340 monet
272 1275 409 1340 arcanis
426 1274 544 1339 oculos
560 1294 738 1338 removere
755 1273 927 1359 profanos.

90 1381 278 1468 diffugiunt
292 1381 398 1469 jussi3
423 1381 535 1465 passis
550 1378 679 1444 Medea
695 1380 842 1465 capillis,

89 1489 321 1552 bacchantum
339 1487 416 1561 ritu,
435 1485 622 1573 flagrantes
638 1487 757 1552 circuit
774 1507 874 1553 aras:

89 1596 346 1681 multifidasque
363 1595 457 1658 laces
474 1593 507 1657 in
524 1593 618 1658 fossa
634 1594 813 1682 sanguinis
830 1605 904 1659 atra

89 1702 228 1788 tinguit,
248 1715 280 1765 et
297 1702 456 1765 intinctas
473 1700 622 1787 geminis
638 1701 795 1766 accendit
812 1701 952 1776 inaris3
1093 1715 1145 1770 260

89 1821 208 1896 terque
225 1829 343 1872 senem
361 1807 515 1882 flamma,
533 1820 584 1872 ter
600 1828 703 1894 aqua,
721 1820 772 1873 ter
788 1807 916 1873 sulfure
935 1809 1065 1873 lustrat.

135 1915 271 1980 Interea
289 1914 441 1978 validum
458 1914 567 1999 posito
585 1915 798 1980 medicamen
817 1919 904 1979 aeno

90 2023 210 2096 servet,
230 2033 264 2086 et
280 2021 426 2086 exsultat
442 2021 639 2107 spumisque
657 2021 863 2085 tumentibus
880 2021 982 2085 albet.

90 2130 160 2194 illic
179 2127 374 2193 Haemonia
392 2129 525 2193 radices
542 2129 632 2191 valle
650 2140 798 2192 resectas

89 2236 293 2322 seminaque
309 2233 478 2320 floresque
495 2246 528 2298 et
544 2255 645 2299 sucos
663 2234 813 2320 incoquit
830 2255 940 2300 acres.
1092 2251 1142 2321 2⁶5

89 2343 195 2409 adicit
211 2354 365 2406 extremo
381 2341 515 2427 lapides
532 2340 673 2405 Oriente
691 2341 825 2426 petitos,

89 2464 123 2517 et
139 2472 226 2537 quas
244 2447 375 2514 Oceani
393 2447 537 2512 refluum
556 2468 650 2512 mare
667 2447 749 2512 lavit
765 2468 897 2512 arenas

89 2558 185 2624 addit
201 2567 235 2622 et
250 2568 413 2640 exceptas
431 2555 511 2618 luna
529 2567 690 2639 pernocte
707 2555 861 2639 pruinas,

89 2678 123 2731 et
139 2663 254 2751 strigis
271 2663 417 2726 infames
434 2661 516 2746 ipsis
534 2682 613 2725 cum
631 2661 791 2724 carnibus
809 2661 896 2735 alea,

89 2773 194 2860 inque
212 2771 322 2835 virum
340 2768 428 2833 soliti
445 2769 557 2832 vultus
575 2779 706 2832 mutare
723 2767 851 2832 serinos

91 2879 246 2966 ambigui
263 2890 419 2963 prosecta
437 2875 529 2960 lupi3
554 2895 619 2939 nec
636 2873 743 2938 desuit
759 2873 829 2938 illic

90 3007 257 3074 squamea
274 2983 439 3071 Cinyphii
455 2982 566 3046 tenuis
584 2983 785 3045 membrana
803 2980 973 3068 chelydri,

90 3093 287 3178 vivacisque
300 3090 398 3178 jecur
414 3090 518 3164 cervi,
537 3089 661 3175 quibus
679 3087 818 3172 insuper
835 3089 931 3152 addit

89 3222 152 3266 ora
168 3211 339 3285 caputque
355 3219 479 3262 novem
497 3196 643 3261 cornicis
661 3197 800 3260 saecula
818 3216 955 3280 passae.

138 3306 205 3370 His
222 3317 254 3370 et
272 3305 363 3368 mille
381 3304 457 3368 aliis
474 3315 654 3391 postquam
671 3303 745 3368 sine
763 3303 901 3366 nomine
920 3301 1021 3365 rebus
1093 3329 1143 3384 275

91 3413 303 3501 propositum
320 3411 479 3475 instruxit
495 3409 657 3474 remorari
675 3409 822 3473 Tartara
839 3430 977 3482 munus,

92 3520 201 3586 arenti
219 3540 315 3586 ramo
327 3517 533 3606 jampridem
553 3517 641 3581 mitis
658 3516 770 3580 olivae

91 3625 209 3695 omnia
227 3624 392 3698 confudit,
410 3623 620 3710 summisque
636 3621 822 3688 immiscuit
836 3621 919 3687 ima.

81 3749 165 3790 ecce
182 3739 277 3788 vetus
291 3727 406 3790 calido
425 3741 583 3809 versatus
599 3732 712 3822 stipes
732 3738 824 3804 a'e'no

62 3827 102 3884 fit
117 3824 234 3885 viridis
243 3826 375 3906 prima,
395 3853 466 3898 nec
482 3835 598 3931 longo
618 3856 796 3940 ternpore
814 3848 972 3921 frondes
1142 3854 1183 3909 ab
