2444 4134
103 118 144 189 72
334 105 404 171 Tae
428 104 701 172 Eucharrtments
725 108 773 190 os
786 104 926 170 Mrdcu.
1009 122 1156 196 [Menan.

103 303 348 391 custodemque
364 303 484 368 rudem
502 303 611 369 somni
630 302 777 389 sopistis,
796 313 829 368 et
847 323 968 367 aurum

103 411 237 474 vindice
255 410 398 495 decepto
416 409 541 475 Graias
559 410 696 475 misistis
713 410 748 472 in
767 410 881 474 urbes.

149 528 158 557 ⁶
172 514 277 580 Nunc
290 538 376 600 opus
390 529 439 581 est
455 517 559 590 sucis,
576 538 636 602 per
648 537 733 602 quos
747 529 909 580 renovata
926 527 1088 582 senectus
1108 546 1157 604 2¹5

103 622 137 687 in
155 622 272 686 florem
291 624 419 698 redeat,
438 623 633 709 primosque
651 622 831 709 recolligat
847 643 967 686 annos.

103 742 136 795 et
151 729 296 804 dabitis3
321 751 432 816 neque
450 730 539 794 enim
559 730 748 793 micuerunt
765 729 877 793 sidera
896 729 1034 812 frustra,

103 856 168 901 nec
185 836 307 900 frustra
323 837 501 901 volucrum
520 847 647 902 tractus
664 836 796 900 cervice
813 836 1002 900 draconum

104 964 223 1008 currus
241 943 358 1008 adest!
405 942 537 1008 Aderat
553 944 722 1008 demissus
740 944 784 1006 ab
800 942 938 1007 aethere
956 963 1090 1008 currus.
1200 959 1203 962 ⁴

149 1048 231 1133 Qu
246 1050 346 1114 simul
365 1051 530 1124 aseendit,
550 1050 750 1136 frenataque
768 1049 856 1114 colla
873 1050 1064 1114 draconum
1106 1081 1158 1121 220

102 1157 294 1243 permulsit,
313 1158 538 1243 inanibusque
556 1158 649 1221 leves
667 1156 809 1242 agitavit
826 1156 1000 1220 habenas:

32 1305 35 1310 -
103 1264 257 1328 sublimis
274 1263 417 1348 rapitur,
436 1264 657 1350 subjectaque
674 1263 845 1327 Thessala
862 1260 996 1346 Tempe

102 1369 260 1455 despicit,
278 1381 312 1434 et
326 1369 481 1435 Threces
498 1370 697 1458 regionibus
714 1369 864 1454 applicat
881 1390 1036 1455 angues;

102 1488 136 1542 et
150 1497 237 1563 quas
254 1475 343 1541 Ossa
360 1477 446 1551 tulit,
465 1498 551 1563 quas
570 1477 673 1540 altum
692 1475 810 1540 Pelion
828 1476 965 1549 herbas,

104 1583 233 1669 Othrys
249 1605 335 1671 quas
352 1582 550 1669 Pindusque
567 1595 601 1648 et
617 1582 727 1647 Pindo
745 1582 853 1670 major
870 1581 1056 1668 Olympus,
1105 1612 1155 1670 ²25

102 1691 276 1777 perspicit,
295 1702 328 1755 et
344 1691 486 1775 placitas
504 1691 626 1776 partim
644 1690 759 1764 radice
777 1691 921 1765 revellit,

102 1798 224 1883 partim
242 1797 386 1862 succidit
401 1798 599 1863 curvarnine
617 1798 714 1861 salcis
731 1801 851 1860 aenae.

102 1905 209 1968 multa
225 1926 360 1990 quoque
377 1903 530 1990 Apidani
548 1905 751 1989 placuerunt
768 1903 926 1990 gramina
943 1901 1038 1988 ripis,

103 2012 208 2076 multa
219 2033 353 2098 quoque
365 2009 554 2097 Amphrysi
568 2034 575 2085 3
595 2032 705 2098 neque
718 2032 796 2075 eras
808 2010 981 2085 immunis,
995 2009 1133 2096 Enipeu
1146 2036 1155 2086 ς

101 2140 253 2183 necnon
270 2116 420 2191 Peneus,
440 2138 503 2182 nec
521 2139 588 2182 non
607 2117 837 2202 Spercheides
853 2118 967 2181 undae
1102 2150 1156 2204 ²30

101 2225 314 2289 contribuere
333 2225 474 2310 aliquid,
490 2224 705 2311 juncosaque
723 2224 819 2288 litora
838 2222 984 2288 Boebes.

101 2333 228 2417 carpsit
243 2343 276 2397 et
291 2330 447 2396 Euboica
464 2332 567 2395 vivax
584 2331 791 2396 Anthedone
809 2352 967 2418 gramen,

100 2441 253 2506 nondum
271 2452 398 2504 mutato
414 2440 592 2527 vulgatum
610 2461 751 2524 corpore
769 2438 904 2503 Glauci.

144 2546 189 2612 Et
201 2547 272 2634 jam
290 2567 381 2611 nona
398 2546 471 2611 dies
487 2567 589 2611 curru
605 2546 795 2632 pennisque
812 2546 1014 2621 draconum,

100 2677 259 2742 nonaque
277 2677 345 2720 nox
360 2674 481 2720 omnes
498 2654 697 2719 lustrantem
716 2654 847 2719 viderat
864 2674 978 2740 agros,
1100 2686 1153 2745 235

100 2786 178 2829 cum
196 2764 314 2829 rediit:
340 2785 450 2850 neque
467 2775 563 2827 erant
578 2762 670 2835 tacti,
695 2761 758 2826 nisi
776 2763 894 2835 odore,
912 2762 1094 2838 dracones,

99 2884 133 2938 et
148 2883 263 2935 tamen
281 2891 432 2935 annosae
450 2870 574 2955 pellem
594 2891 738 2955 posuere
756 2880 925 2933 senectae.

100 2979 247 3044 constitit
264 2978 450 3043 adveniens
469 2977 552 3042 citra
569 2977 741 3063 limenque
758 2975 931 3062 foresque,

100 3097 133 3151 et
148 3097 279 3150 tantum
298 3086 395 3150 caelo
412 3085 550 3172 tegitur,
569 3082 761 3169 refugitque
779 3082 893 3148 viriles

99 3203 295 3265 contactus;
321 3191 502 3278 statuitque
520 3211 597 3254 aras
615 3212 633 3253 e
650 3189 778 3274 cespite
795 3189 907 3264 binas,
1055 3260 1059 3268 q
1100 3221 1154 3276 240

99 3300 291 3366 dexteriore
310 3298 473 3372 Hecates,
493 3309 543 3362 ast
560 3297 659 3361 laeva
676 3307 771 3381 parte
783 3294 964 3381 Juventae.
983 3302 986 3310 '

146 3405 220 3470 Has
238 3405 293 3470 ubi
311 3404 469 3469 verbenis
486 3404 640 3489 silvaque
658 3402 799 3466 incinxit
817 3403 956 3489 agresti,

99 3512 191 3577 haud
208 3511 326 3598 procul
344 3523 461 3598 egesta
479 3510 656 3575 scrobibus
673 3510 793 3574 tellure
810 3510 943 3574 duabus

91 3641 195 3681 sacra
209 3619 304 3693 facit,
325 3619 521 3705 cultrosque
538 3617 572 3681 in
590 3629 728 3705 guttura
743 3614 880 3681 velleris
897 3615 960 3680 atri

65 3721 208 3797 conicit,
229 3735 269 3788 et
278 3727 426 3810 patulas
442 3726 631 3815 perfundit
646 3722 827 3814 sanguine
842 3722 970 3786 iussas.
1117 3749 1174 3801 αις

35 3823 116 3881 tum
130 3844 252 3910 super
264 3832 473 3925 invergens
493 3837 629 3930 liquidi
648 3830 849 3902 carchesia
860 3822 1013 3895 bacctii,
