<?xml version="1.0" encoding="UTF-8"?>
<!DOCTYPE html PUBLIC "-//W3C//DTD XHTML 1.0 Transitional//EN"
    "http://www.w3.org/TR/xhtml1/DTD/xhtml1-transitional.dtd">
<html xmlns="http://www.w3.org/1999/xhtml" xml:lang="en" lang="en">
 <head>
  <title>
</title>
<meta http-equiv="Content-Type" content="text/html;charset=utf-8" />
  <meta name='ocr-system' content='tesseract 3.04.00' />
  <meta name='ocr-capabilities' content='ocr_page ocr_carea ocr_par ocr_line ocrx_word'/>
</head>
<body>
  <div class='ocr_page' id='page_1' title='image "./publiovidinason00allegoog/publiovidinason00allegoog_0060.png"; bbox 0 0 2444 4134; ppageno 0'>
   <div class='ocr_carea' id='block_1_1' title="bbox 68 128 1119 220">
    <p class='ocr_par' dir='ltr' id='par_1_1' title="bbox 68 128 1119 220">
     <span class='ocr_line' id='line_1_1' title="bbox 68 128 1119 220; baseline -0.02 -15"><span class='ocrx_word' id='word_1_1' title='bbox 68 151 121 207; x_wconf 86' lang='lat' dir='ltr'><strong>lV.</strong></span> <span class='ocrx_word' id='word_1_2' title='bbox 138 149 215 220; x_wconf 65' lang='lat'>7¹5]</span> <span class='ocrx_word' id='word_1_3' title='bbox 302 131 496 216; x_wconf 75' lang='lat' dir='ltr'><strong>Approach</strong></span> <span class='ocrx_word' id='word_1_4' title='bbox 520 132 568 213; x_wconf 88' lang='lat' dir='ltr'><strong>of</strong></span> <span class='ocrx_word' id='word_1_5' title='bbox 580 131 636 192; x_wconf 71' lang='lat' dir='ltr'><strong>tlte</strong></span> <span class='ocrx_word' id='word_1_6' title='bbox 660 128 909 194; x_wconf 76' lang='lat' dir='ltr'><strong>Sea-monster.</strong></span> <span class='ocrx_word' id='word_1_7' title='bbox 1076 140 1119 211; x_wconf 85' lang='lat'><strong>45</strong></span> 
     </span>
    </p>
   </div>
   <div class='ocr_carea' id='block_1_2' title="bbox 59 324 1136 3946">
    <p class='ocr_par' dir='ltr' id='par_1_2' title="bbox 66 324 799 412">
     <span class='ocr_line' id='line_1_2' title="bbox 66 324 799 412; baseline -0.007 -18"><span class='ocrx_word' id='word_1_8' title='bbox 66 330 215 394; x_wconf 87' lang='lat' dir='ltr'><strong>celasset</strong></span> <span class='ocrx_word' id='word_1_9' title='bbox 232 328 356 402; x_wconf 91' lang='lat' dir='ltr'><strong>vultus,</strong></span> <span class='ocrx_word' id='word_1_10' title='bbox 375 326 402 391; x_wconf 88' lang='lat' dir='ltr'><strong>si</strong></span> <span class='ocrx_word' id='word_1_11' title='bbox 420 348 488 390; x_wconf 91' lang='lat' dir='ltr'><strong>non</strong></span> <span class='ocrx_word' id='word_1_12' title='bbox 505 325 651 412; x_wconf 83' lang='lat' dir='ltr'><strong>religata</strong></span> <span class='ocrx_word' id='word_1_13' title='bbox 667 324 799 389; x_wconf 85' lang='lat' dir='ltr'><strong>suisset.</strong></span> 
     </span>
    </p>

    <p class='ocr_par' dir='ltr' id='par_1_3' title="bbox 64 429 1119 625">
     <span class='ocr_line' id='line_1_3' title="bbox 64 429 953 520; baseline -0.006 -21"><span class='ocrx_word' id='word_1_14' title='bbox 64 437 212 509; x_wconf 88' lang='lat' dir='ltr'><strong>lumina,</strong></span> <span class='ocrx_word' id='word_1_15' title='bbox 231 436 323 520; x_wconf 91' lang='lat' dir='ltr'><strong>quod</strong></span> <span class='ocrx_word' id='word_1_16' title='bbox 341 432 459 517; x_wconf 90' lang='lat' dir='ltr'><strong>potuit,</strong></span> <span class='ocrx_word' id='word_1_17' title='bbox 478 431 629 496; x_wconf 86' lang='lat' dir='ltr'>lacrimis</span> <span class='ocrx_word' id='word_1_18' title='bbox 645 431 797 515; x_wconf 92' lang='lat' dir='ltr'><strong>implevit</strong></span> <span class='ocrx_word' id='word_1_19' title='bbox 813 429 953 496; x_wconf 87' lang='lat' dir='ltr'><strong>obortis.</strong></span> 
     </span>
     <span class='ocr_line' id='line_1_4' title="bbox 112 537 1119 625; baseline -0.007 -19"><span class='ocrx_word' id='word_1_20' title='bbox 112 540 263 625; x_wconf 83' lang='lat' dir='ltr'>Saepius</span> <span class='ocrx_word' id='word_1_21' title='bbox 281 540 431 615; x_wconf 88' lang='lat' dir='ltr'><strong>instanti,</strong></span> <span class='ocrx_word' id='word_1_22' title='bbox 449 559 511 603; x_wconf 90' lang='lat' dir='ltr'><strong>sua</strong></span> <span class='ocrx_word' id='word_1_23' title='bbox 529 559 572 602; x_wconf 92' lang='lat' dir='ltr'><strong>ne</strong></span> <span class='ocrx_word' id='word_1_24' title='bbox 589 538 713 601; x_wconf 90' lang='lat' dir='ltr'><strong>delicta</strong></span> <span class='ocrx_word' id='word_1_25' title='bbox 729 537 826 600; x_wconf 78' lang='lat' dir='ltr'><strong>fateri</strong></span> <span class='ocrx_word' id='word_1_26' title='bbox 1067 552 1119 623; x_wconf 78' lang='lat'><strong>685</strong></span> 
     </span>
    </p>

    <p class='ocr_par' dir='ltr' id='par_1_4' title="bbox 65 649 896 733">
     <span class='ocr_line' id='line_1_5' title="bbox 65 649 896 733; baseline -0.005 -21"><span class='ocrx_word' id='word_1_27' title='bbox 65 649 157 712; x_wconf 90' lang='lat' dir='ltr'><strong>nolle</strong></span> <span class='ocrx_word' id='word_1_28' title='bbox 175 649 360 720; x_wconf 89' lang='lat' dir='ltr'><strong>videretur,</strong></span> <span class='ocrx_word' id='word_1_29' title='bbox 379 666 504 710; x_wconf 86' lang='lat' dir='ltr'><strong>nornen</strong></span> <span class='ocrx_word' id='word_1_30' title='bbox 522 657 699 731; x_wconf 87' lang='lat' dir='ltr'><strong>terraeque</strong></span> <span class='ocrx_word' id='word_1_31' title='bbox 716 665 896 733; x_wconf 88' lang='lat' dir='ltr'><strong>suumque,</strong></span> 
     </span>
    </p>

    <p class='ocr_par' dir='ltr' id='par_1_5' title="bbox 65 749 873 841">
     <span class='ocr_line' id='line_1_6' title="bbox 65 749 873 841; baseline -0.007 -23"><span class='ocrx_word' id='word_1_32' title='bbox 65 765 263 841; x_wconf 87' lang='lat' dir='ltr'><strong>quantaque</strong></span> <span class='ocrx_word' id='word_1_33' title='bbox 280 765 456 816; x_wconf 84' lang='lat' dir='ltr'><strong>maternae</strong></span> <span class='ocrx_word' id='word_1_34' title='bbox 473 750 572 814; x_wconf 87' lang='lat' dir='ltr'><strong>suerit</strong></span> <span class='ocrx_word' id='word_1_35' title='bbox 588 749 714 814; x_wconf 88' lang='lat' dir='ltr'><strong>fiducia</strong></span> <span class='ocrx_word' id='word_1_36' title='bbox 730 750 873 825; x_wconf 82' lang='lat' dir='ltr'><strong>formae,</strong></span> 
     </span>
    </p>

    <p class='ocr_par' dir='ltr' id='par_1_6' title="bbox 64 857 968 926">
     <span class='ocr_line' id='line_1_7' title="bbox 64 857 968 926; baseline -0.003 -1"><span class='ocrx_word' id='word_1_37' title='bbox 64 862 206 926; x_wconf 87' lang='lat' dir='ltr'><strong>indicat.</strong></span> <span class='ocrx_word' id='word_1_38' title='bbox 256 858 300 923; x_wconf 92' lang='lat' dir='ltr'><strong>Et</strong></span> <span class='ocrx_word' id='word_1_39' title='bbox 316 859 468 923; x_wconf 91' lang='lat' dir='ltr'><strong>nondum</strong></span> <span class='ocrx_word' id='word_1_40' title='bbox 487 857 682 921; x_wconf 89' lang='lat' dir='ltr'><strong>memoratis</strong></span> <span class='ocrx_word' id='word_1_41' title='bbox 698 857 857 920; x_wconf 90' lang='lat' dir='ltr'><strong>omnibus</strong></span> <span class='ocrx_word' id='word_1_42' title='bbox 874 857 968 922; x_wconf 90' lang='lat' dir='ltr'><strong>unda</strong></span> 
     </span>
    </p>

    <p class='ocr_par' dir='ltr' id='par_1_7' title="bbox 64 963 877 1050">
     <span class='ocr_line' id='line_1_8' title="bbox 64 963 877 1050; baseline -0.007 -17"><span class='ocrx_word' id='word_1_43' title='bbox 64 969 228 1042; x_wconf 90' lang='lat' dir='ltr'><strong>insonuit,</strong></span> <span class='ocrx_word' id='word_1_44' title='bbox 246 965 456 1050; x_wconf 89' lang='lat' dir='ltr'><strong>veniensque</strong></span> <span class='ocrx_word' id='word_1_45' title='bbox 472 963 640 1027; x_wconf 91' lang='lat' dir='ltr'><strong>immenso</strong></span> <span class='ocrx_word' id='word_1_46' title='bbox 657 963 758 1027; x_wconf 91' lang='lat' dir='ltr'><strong>belua</strong></span> <span class='ocrx_word' id='word_1_47' title='bbox 775 974 877 1047; x_wconf 89' lang='lat' dir='ltr'><strong>ponto</strong></span> 
     </span>
    </p>

    <p class='ocr_par' dir='ltr' id='par_1_8' title="bbox 64 1069 1119 1263">
     <span class='ocr_line' id='line_1_9' title="bbox 64 1069 1119 1157; baseline -0.005 -18"><span class='ocrx_word' id='word_1_48' title='bbox 64 1076 234 1146; x_wconf 88' lang='lat' dir='ltr'><strong>imminet,</strong></span> <span class='ocrx_word' id='word_1_49' title='bbox 253 1083 286 1136; x_wconf 89' lang='lat' dir='ltr'><strong>et</strong></span> <span class='ocrx_word' id='word_1_50' title='bbox 301 1073 407 1135; x_wconf 88' lang='lat' dir='ltr'><strong>latum</strong></span> <span class='ocrx_word' id='word_1_51' title='bbox 425 1070 488 1135; x_wconf 92' lang='lat' dir='ltr'><strong>sub</strong></span> <span class='ocrx_word' id='word_1_52' title='bbox 504 1081 641 1154; x_wconf 86' lang='lat' dir='ltr'><strong>pectore</strong></span> <span class='ocrx_word' id='word_1_53' title='bbox 659 1069 809 1154; x_wconf 85' lang='lat' dir='ltr'><strong>possidet</strong></span> <span class='ocrx_word' id='word_1_54' title='bbox 825 1089 966 1154; x_wconf 85' lang='lat' dir='ltr'><strong>aequor.</strong></span> <span class='ocrx_word' id='word_1_55' title='bbox 1065 1091 1119 1157; x_wconf 84' lang='lat'><strong>⁶90</strong></span> 
     </span>
     <span class='ocr_line' id='line_1_10' title="bbox 110 1175 915 1263; baseline -0.009 -16"><span class='ocrx_word' id='word_1_56' title='bbox 110 1181 318 1247; x_wconf 86' lang='lat' dir='ltr'><strong>Conclamat</strong></span> <span class='ocrx_word' id='word_1_57' title='bbox 333 1177 453 1263; x_wconf 89' lang='lat' dir='ltr'><strong>virgo;</strong></span> <span class='ocrx_word' id='word_1_58' title='bbox 477 1176 611 1263; x_wconf 83' lang='lat' dir='ltr'><strong>genitor</strong></span> <span class='ocrx_word' id='word_1_59' title='bbox 627 1175 782 1261; x_wconf 85' lang='lat' dir='ltr'><strong>lugubris</strong></span> <span class='ocrx_word' id='word_1_60' title='bbox 798 1187 831 1239; x_wconf 89' lang='lat' dir='ltr'><strong>et</strong></span> <span class='ocrx_word' id='word_1_61' title='bbox 847 1197 915 1240; x_wconf 92' lang='lat' dir='ltr'><strong>una</strong></span> 
     </span>
    </p>

    <p class='ocr_par' dir='ltr' id='par_1_9' title="bbox 65 1282 867 1370">
     <span class='ocr_line' id='line_1_11' title="bbox 65 1282 867 1370; baseline -0.01 -18"><span class='ocrx_word' id='word_1_62' title='bbox 65 1301 174 1352; x_wconf 88' lang='lat' dir='ltr'><strong>mater</strong></span> <span class='ocrx_word' id='word_1_63' title='bbox 191 1287 300 1359; x_wconf 89' lang='lat' dir='ltr'><strong>adest,</strong></span> <span class='ocrx_word' id='word_1_64' title='bbox 318 1284 420 1348; x_wconf 90' lang='lat' dir='ltr'><strong>ambo</strong></span> <span class='ocrx_word' id='word_1_65' title='bbox 438 1283 566 1357; x_wconf 90' lang='lat' dir='ltr'><strong>miseri,</strong></span> <span class='ocrx_word' id='word_1_66' title='bbox 584 1283 644 1347; x_wconf 91' lang='lat' dir='ltr'><strong>sed</strong></span> <span class='ocrx_word' id='word_1_67' title='bbox 657 1282 781 1370; x_wconf 90' lang='lat' dir='ltr'><strong>justius</strong></span> <span class='ocrx_word' id='word_1_68' title='bbox 797 1283 867 1347; x_wconf 90' lang='lat' dir='ltr'><strong>illa.</strong></span> 
     </span>
    </p>

    <p class='ocr_par' dir='ltr' id='par_1_10' title="bbox 64 1389 967 1474">
     <span class='ocr_line' id='line_1_12' title="bbox 64 1389 967 1474; baseline -0.004 -15"><span class='ocrx_word' id='word_1_69' title='bbox 64 1416 129 1459; x_wconf 89' lang='lat' dir='ltr'><strong>nec</strong></span> <span class='ocrx_word' id='word_1_70' title='bbox 146 1414 265 1459; x_wconf 88' lang='lat' dir='ltr'><strong>secum</strong></span> <span class='ocrx_word' id='word_1_71' title='bbox 283 1390 463 1463; x_wconf 85' lang='lat' dir='ltr'><strong>auxilium,</strong></span> <span class='ocrx_word' id='word_1_72' title='bbox 480 1390 543 1454; x_wconf 89' lang='lat' dir='ltr'><strong>sed</strong></span> <span class='ocrx_word' id='word_1_73' title='bbox 558 1389 683 1474; x_wconf 87' lang='lat' dir='ltr'><strong>dignos</strong></span> <span class='ocrx_word' id='word_1_74' title='bbox 700 1400 852 1474; x_wconf 90' lang='lat' dir='ltr'><strong>tempore</strong></span> <span class='ocrx_word' id='word_1_75' title='bbox 868 1389 967 1455; x_wconf 88' lang='lat' dir='ltr'><strong>fletus</strong></span> 
     </span>
    </p>

    <p class='ocr_par' dir='ltr' id='par_1_11' title="bbox 65 1496 1115 1587">
     <span class='ocr_line' id='line_1_13' title="bbox 65 1496 1115 1587; baseline -0.002 -23"><span class='ocrx_word' id='word_1_76' title='bbox 65 1503 338 1587; x_wconf 81' lang='lat' dir='ltr'><strong>plangoremque</strong></span> <span class='ocrx_word' id='word_1_77' title='bbox 355 1498 480 1571; x_wconf 85' lang='lat' dir='ltr'><strong>ferunt,</strong></span> <span class='ocrx_word' id='word_1_78' title='bbox 498 1497 679 1582; x_wconf 87' lang='lat' dir='ltr'><strong>vinctoque</strong></span> <span class='ocrx_word' id='word_1_79' title='bbox 697 1496 731 1560; x_wconf 90' lang='lat' dir='ltr'><strong>in</strong></span> <span class='ocrx_word' id='word_1_80' title='bbox 747 1518 889 1581; x_wconf 87' lang='lat' dir='ltr'><strong>corpore</strong></span> <span class='ocrx_word' id='word_1_81' title='bbox 906 1499 1115 1573; x_wconf 81' lang='lat' dir='ltr'><strong>adhaerent3</strong></span> 
     </span>
    </p>

    <p class='ocr_par' dir='ltr' id='par_1_12' title="bbox 65 1602 1116 1690">
     <span class='ocr_line' id='line_1_14' title="bbox 65 1602 1116 1690; baseline -0.003 -19"><span class='ocrx_word' id='word_1_82' title='bbox 65 1629 143 1671; x_wconf 93' lang='lat' dir='ltr'><strong>cum</strong></span> <span class='ocrx_word' id='word_1_83' title='bbox 161 1606 212 1670; x_wconf 92' lang='lat' dir='ltr'><strong>sic</strong></span> <span class='ocrx_word' id='word_1_84' title='bbox 229 1607 354 1690; x_wconf 87' lang='lat' dir='ltr'><strong>hospes</strong></span> <span class='ocrx_word' id='word_1_85' title='bbox 372 1605 439 1681; x_wconf 83' lang='lat' dir='ltr'><strong>ait:</strong></span> <span class='ocrx_word' id='word_1_86' title='bbox 467 1602 729 1668; x_wconf 88' lang='lat' dir='ltr'><strong>‘Lacrimarum</strong></span> <span class='ocrx_word' id='word_1_87' title='bbox 747 1604 851 1690; x_wconf 87' lang='lat' dir='ltr'><strong>longa</strong></span> <span class='ocrx_word' id='word_1_88' title='bbox 869 1624 1007 1668; x_wconf 88' lang='lat' dir='ltr'><strong>manere</strong></span> <span class='ocrx_word' id='word_1_89' title='bbox 1063 1620 1116 1690; x_wconf 78' lang='lat'><strong>695</strong></span> 
     </span>
    </p>

    <p class='ocr_par' dir='ltr' id='par_1_13' title="bbox 65 1710 1118 1800">
     <span class='ocr_line' id='line_1_15' title="bbox 65 1710 1118 1800; baseline -0.003 -22"><span class='ocrx_word' id='word_1_90' title='bbox 65 1727 220 1800; x_wconf 88' lang='lat' dir='ltr'><strong>tempora</strong></span> <span class='ocrx_word' id='word_1_91' title='bbox 248 1734 309 1776; x_wconf 87' lang='lat' dir='ltr'><strong>vos</strong></span> <span class='ocrx_word' id='word_1_92' title='bbox 337 1722 495 1796; x_wconf 89' lang='lat' dir='ltr'><strong>poterunt</strong></span> <span class='ocrx_word' id='word_1_93' title='bbox 505 1732 514 1785; x_wconf 90' lang='lat'>;</span> <span class='ocrx_word' id='word_1_94' title='bbox 550 1711 594 1775; x_wconf 89' lang='lat' dir='ltr'><strong>ad</strong></span> <span class='ocrx_word' id='word_1_95' title='bbox 626 1732 727 1795; x_wconf 90' lang='lat' dir='ltr'><strong>opem</strong></span> <span class='ocrx_word' id='word_1_96' title='bbox 754 1710 866 1775; x_wconf 86' lang='lat' dir='ltr'><strong>brevis</strong></span> <span class='ocrx_word' id='word_1_97' title='bbox 894 1712 978 1775; x_wconf 88' lang='lat' dir='ltr'><strong>hora</strong></span> <span class='ocrx_word' id='word_1_98' title='bbox 1007 1710 1118 1775; x_wconf 84' lang='lat' dir='ltr'><strong>feren·</strong></span> 
     </span>
    </p>

    <p class='ocr_par' dir='ltr' id='par_1_14' title="bbox 201 1821 360 1884">
     <span class='ocr_line' id='line_1_16' title="bbox 201 1821 360 1884; baseline -0.025 0"><span class='ocrx_word' id='word_1_99' title='bbox 201 1821 280 1884; x_wconf 91' lang='lat' dir='ltr'><strong>dam</strong></span> <span class='ocrx_word' id='word_1_100' title='bbox 298 1831 360 1884; x_wconf 89' lang='lat' dir='ltr'><strong>est.</strong></span> 
     </span>
    </p>

    <p class='ocr_par' dir='ltr' id='par_1_15' title="bbox 65 1925 970 2014">
     <span class='ocr_line' id='line_1_17' title="bbox 65 1925 970 2014; baseline -0.004 -22"><span class='ocrx_word' id='word_1_101' title='bbox 65 1930 157 1992; x_wconf 89' lang='lat' dir='ltr'><strong>hanc</strong></span> <span class='ocrx_word' id='word_1_102' title='bbox 173 1949 240 2014; x_wconf 89' lang='lat' dir='ltr'><strong>ego</strong></span> <span class='ocrx_word' id='word_1_103' title='bbox 256 1927 285 1990; x_wconf 87' lang='lat' dir='ltr'><strong>si</strong></span> <span class='ocrx_word' id='word_1_104' title='bbox 303 1938 453 2011; x_wconf 89' lang='lat' dir='ltr'><strong>peterem</strong></span> <span class='ocrx_word' id='word_1_105' title='bbox 470 1925 618 1990; x_wconf 90' lang='lat' dir='ltr'><strong>Perseus</strong></span> <span class='ocrx_word' id='word_1_106' title='bbox 629 1925 717 2011; x_wconf 89' lang='lat' dir='ltr'><strong>Jove</strong></span> <span class='ocrx_word' id='word_1_107' title='bbox 734 1936 833 1990; x_wconf 91' lang='lat' dir='ltr'><strong>natus</strong></span> <span class='ocrx_word' id='word_1_108' title='bbox 850 1938 882 1989; x_wconf 93' lang='lat' dir='ltr'><strong>et</strong></span> <span class='ocrx_word' id='word_1_109' title='bbox 899 1925 970 1999; x_wconf 89' lang='lat' dir='ltr'><strong>illa,</strong></span> 
     </span>
    </p>

    <p class='ocr_par' dir='ltr' id='par_1_16' title="bbox 65 2031 980 2121">
     <span class='ocr_line' id='line_1_18' title="bbox 65 2031 980 2121; baseline -0.002 -23"><span class='ocrx_word' id='word_1_110' title='bbox 65 2056 169 2121; x_wconf 90' lang='lat' dir='ltr'><strong>quam</strong></span> <span class='ocrx_word' id='word_1_111' title='bbox 187 2035 341 2099; x_wconf 90' lang='lat' dir='ltr'><strong>clausam</strong></span> <span class='ocrx_word' id='word_1_112' title='bbox 360 2033 513 2118; x_wconf 91' lang='lat' dir='ltr'><strong>implevit</strong></span> <span class='ocrx_word' id='word_1_113' title='bbox 530 2032 698 2097; x_wconf 79' lang='lat' dir='ltr'><strong>foecundo</strong></span> <span class='ocrx_word' id='word_1_114' title='bbox 710 2031 867 2118; x_wconf 90' lang='lat' dir='ltr'><strong>Juppiter</strong></span> <span class='ocrx_word' id='word_1_115' title='bbox 883 2054 980 2106; x_wconf 92' lang='lat' dir='ltr'><strong>auro,</strong></span> 
     </span>
    </p>

    <p class='ocr_par' dir='ltr' id='par_1_17' title="bbox 65 2138 988 2228">
     <span class='ocr_line' id='line_1_19' title="bbox 65 2138 988 2228; baseline -0.001 -22"><span class='ocrx_word' id='word_1_116' title='bbox 65 2141 241 2228; x_wconf 81' lang='lat' dir='ltr'><strong>Gorgonis</strong></span> <span class='ocrx_word' id='word_1_117' title='bbox 258 2139 487 2227; x_wconf 83' lang='lat' dir='ltr'><strong>anguicomae</strong></span> <span class='ocrx_word' id='word_1_118' title='bbox 504 2138 651 2204; x_wconf 88' lang='lat' dir='ltr'><strong>Perseus</strong></span> <span class='ocrx_word' id='word_1_119' title='bbox 667 2152 856 2224; x_wconf 89' lang='lat' dir='ltr'><strong>superator,</strong></span> <span class='ocrx_word' id='word_1_120' title='bbox 877 2152 909 2204; x_wconf 88' lang='lat' dir='ltr'><strong>et</strong></span> <span class='ocrx_word' id='word_1_121' title='bbox 926 2140 988 2205; x_wconf 88' lang='lat' dir='ltr'><strong>alis</strong></span> 
     </span>
    </p>

    <p class='ocr_par' dir='ltr' id='par_1_18' title="bbox 65 2247 1118 2334">
     <span class='ocr_line' id='line_1_20' title="bbox 65 2247 1118 2334; baseline -0.007 -20"><span class='ocrx_word' id='word_1_122' title='bbox 65 2250 235 2314; x_wconf 87' lang='lat' dir='ltr'><strong>aetherias</strong></span> <span class='ocrx_word' id='word_1_123' title='bbox 253 2269 356 2312; x_wconf 89' lang='lat' dir='ltr'><strong>ausus</strong></span> <span class='ocrx_word' id='word_1_124' title='bbox 369 2247 504 2334; x_wconf 89' lang='lat' dir='ltr'><strong>jactatis</strong></span> <span class='ocrx_word' id='word_1_125' title='bbox 520 2247 570 2310; x_wconf 88' lang='lat' dir='ltr'><strong>ire</strong></span> <span class='ocrx_word' id='word_1_126' title='bbox 587 2268 648 2330; x_wconf 90' lang='lat' dir='ltr'><strong>per</strong></span> <span class='ocrx_word' id='word_1_127' title='bbox 665 2267 779 2320; x_wconf 74' lang='lat' dir='ltr'><strong>auraS,</strong></span> <span class='ocrx_word' id='word_1_128' title='bbox 1065 2276 1118 2332; x_wconf 89' lang='lat'><strong>700</strong></span> 
     </span>
    </p>

    <p class='ocr_par' dir='ltr' id='par_1_19' title="bbox 64 2352 951 2443">
     <span class='ocr_line' id='line_1_21' title="bbox 64 2352 951 2443; baseline 0 -23"><span class='ocrx_word' id='word_1_129' title='bbox 64 2357 257 2443; x_wconf 82' lang='lat' dir='ltr'><strong>praeferrer</strong></span> <span class='ocrx_word' id='word_1_130' title='bbox 273 2355 404 2419; x_wconf 91' lang='lat' dir='ltr'><strong>cunctis</strong></span> <span class='ocrx_word' id='word_1_131' title='bbox 420 2367 511 2418; x_wconf 88' lang='lat' dir='ltr'><strong>certe</strong></span> <span class='ocrx_word' id='word_1_132' title='bbox 529 2375 645 2441; x_wconf 87' lang='lat' dir='ltr'><strong>gener.</strong></span> <span class='ocrx_word' id='word_1_133' title='bbox 693 2352 832 2419; x_wconf 81' lang='lat' dir='ltr'><strong>Addere</strong></span> <span class='ocrx_word' id='word_1_134' title='bbox 850 2354 951 2420; x_wconf 90' lang='lat' dir='ltr'><strong>tantis</strong></span> 
     </span>
    </p>

    <p class='ocr_par' dir='ltr' id='par_1_20' title="bbox 64 2463 1047 2551">
     <span class='ocr_line' id='line_1_22' title="bbox 64 2463 1047 2551; baseline 0 -21"><span class='ocrx_word' id='word_1_135' title='bbox 64 2466 200 2530; x_wconf 91' lang='lat' dir='ltr'><strong>dotibus</strong></span> <span class='ocrx_word' id='word_1_136' title='bbox 217 2477 250 2530; x_wconf 92' lang='lat' dir='ltr'><strong>et</strong></span> <span class='ocrx_word' id='word_1_137' title='bbox 266 2465 437 2538; x_wconf 87' lang='lat' dir='ltr'><strong>meritum,</strong></span> <span class='ocrx_word' id='word_1_138' title='bbox 455 2463 592 2529; x_wconf 87' lang='lat' dir='ltr'><strong>faveant</strong></span> <span class='ocrx_word' id='word_1_139' title='bbox 609 2465 710 2530; x_wconf 91' lang='lat' dir='ltr'><strong>modo</strong></span> <span class='ocrx_word' id='word_1_140' title='bbox 727 2466 881 2540; x_wconf 91' lang='lat' dir='ltr'><strong>numina,</strong></span> <span class='ocrx_word' id='word_1_141' title='bbox 900 2477 1047 2551; x_wconf 91' lang='lat' dir='ltr'><strong>tempto:</strong></span> 
     </span>
    </p>

    <p class='ocr_par' dir='ltr' id='par_1_21' title="bbox 64 2556 852 2659">
     <span class='ocr_line' id='line_1_23' title="bbox 64 2556 852 2659; baseline 0.003 -23"><span class='ocrx_word' id='word_1_142' title='bbox 64 2584 102 2636; x_wconf 92' lang='lat' dir='ltr'><strong>ut</strong></span> <span class='ocrx_word' id='word_1_143' title='bbox 119 2594 195 2637; x_wconf 87' lang='lat' dir='ltr'><strong>mea</strong></span> <span class='ocrx_word' id='word_1_144' title='bbox 214 2573 255 2639; x_wconf 91' lang='lat' dir='ltr'><strong>sit</strong></span> <span class='ocrx_word' id='word_1_145' title='bbox 271 2585 405 2637; x_wconf 86' lang='lat' dir='ltr'><strong>servata</strong></span> <span class='ocrx_word' id='word_1_146' title='bbox 424 2596 500 2637; x_wconf 89' lang='lat' dir='ltr'><strong>mea</strong></span> <span class='ocrx_word' id='word_1_147' title='bbox 516 2556 650 2646; x_wconf 71' lang='lat' dir='ltr'><strong>uirtute,</strong></span> <span class='ocrx_word' id='word_1_148' title='bbox 671 2575 852 2659; x_wconf 86' lang='lat' dir='ltr'><strong>paciscor.’</strong></span> 
     </span>
    </p>

    <p class='ocr_par' dir='ltr' id='par_1_22' title="bbox 65 2666 1049 2768">
     <span class='ocr_line' id='line_1_24' title="bbox 65 2666 1049 2768; baseline 0.007 -25"><span class='ocrx_word' id='word_1_149' title='bbox 65 2680 238 2765; x_wconf 88' lang='lat' dir='ltr'><strong>accipiunt</strong></span> <span class='ocrx_word' id='word_1_150' title='bbox 255 2681 369 2767; x_wconf 86' lang='lat' dir='ltr'><strong>legem</strong></span> <span class='ocrx_word' id='word_1_151' title='bbox 380 2683 511 2768; x_wconf 88' lang='lat' dir='ltr'><strong>-quis</strong></span> <span class='ocrx_word' id='word_1_152' title='bbox 526 2683 618 2746; x_wconf 88' lang='lat' dir='ltr'><strong>enim</strong></span> <span class='ocrx_word' id='word_1_153' title='bbox 636 2666 826 2749; x_wconf 86' lang='lat' dir='ltr'><strong>dubitaret?</strong></span> <span class='ocrx_word' id='word_1_154' title='bbox 837 2695 924 2748; x_wconf 87' lang='lat' dir='ltr'><strong>—et</strong></span> <span class='ocrx_word' id='word_1_155' title='bbox 939 2696 1049 2757; x_wconf 91' lang='lat' dir='ltr'><strong>orant,</strong></span> 
     </span>
    </p>

    <p class='ocr_par' dir='ltr' id='par_1_23' title="bbox 65 2787 1116 2978">
     <span class='ocr_line' id='line_1_25' title="bbox 65 2787 1116 2876; baseline 0.01 -27"><span class='ocrx_word' id='word_1_156' title='bbox 65 2787 332 2872; x_wconf 86' lang='lat' dir='ltr'><strong>promittuntque</strong></span> <span class='ocrx_word' id='word_1_157' title='bbox 349 2809 453 2872; x_wconf 90' lang='lat' dir='ltr'><strong>super</strong></span> <span class='ocrx_word' id='word_1_158' title='bbox 469 2811 615 2876; x_wconf 84' lang='lat' dir='ltr'><strong>regnum</strong></span> <span class='ocrx_word' id='word_1_159' title='bbox 633 2792 745 2854; x_wconf 88' lang='lat' dir='ltr'><strong>dotale</strong></span> <span class='ocrx_word' id='word_1_160' title='bbox 763 2804 932 2876; x_wconf 85' lang='lat' dir='ltr'><strong>parentes.</strong></span> <span class='ocrx_word' id='word_1_161' title='bbox 1065 2819 1116 2875; x_wconf 80' lang='lat'><strong>705</strong></span> 
     </span>
     <span class='ocr_line' id='line_1_26' title="bbox 111 2891 871 2978; baseline 0.007 -24"><span class='ocrx_word' id='word_1_162' title='bbox 111 2891 204 2955; x_wconf 89' lang='lat' dir='ltr'><strong>Ecce</strong></span> <span class='ocrx_word' id='word_1_163' title='bbox 221 2892 314 2955; x_wconf 91' lang='lat' dir='ltr'><strong>velut</strong></span> <span class='ocrx_word' id='word_1_164' title='bbox 330 2892 427 2956; x_wconf 89' lang='lat' dir='ltr'><strong>navis</strong></span> <span class='ocrx_word' id='word_1_165' title='bbox 444 2894 598 2978; x_wconf 87' lang='lat' dir='ltr'><strong>praefixo</strong></span> <span class='ocrx_word' id='word_1_166' title='bbox 615 2895 747 2959; x_wconf 87' lang='lat' dir='ltr'><strong>concita</strong></span> <span class='ocrx_word' id='word_1_167' title='bbox 764 2908 871 2960; x_wconf 89' lang='lat' dir='ltr'><strong>rostro</strong></span> 
     </span>
    </p>

    <p class='ocr_par' dir='ltr' id='par_1_24' title="bbox 65 2998 969 3086">
     <span class='ocr_line' id='line_1_27' title="bbox 65 2998 969 3086; baseline 0.004 -24"><span class='ocrx_word' id='word_1_168' title='bbox 65 2999 177 3063; x_wconf 89' lang='lat' dir='ltr'><strong>sulcat</strong></span> <span class='ocrx_word' id='word_1_169' title='bbox 193 3019 313 3084; x_wconf 92' lang='lat' dir='ltr'><strong>aquas,</strong></span> <span class='ocrx_word' id='word_1_170' title='bbox 329 2998 495 3086; x_wconf 90' lang='lat' dir='ltr'><strong>juvenum</strong></span> <span class='ocrx_word' id='word_1_171' title='bbox 512 3003 712 3068; x_wconf 89' lang='lat' dir='ltr'><strong>sudantibus</strong></span> <span class='ocrx_word' id='word_1_172' title='bbox 729 3017 804 3069; x_wconf 91' lang='lat' dir='ltr'><strong>acta</strong></span> <span class='ocrx_word' id='word_1_173' title='bbox 820 3003 969 3077; x_wconf 87' lang='lat' dir='ltr'><strong>lacertis,</strong></span> 
     </span>
    </p>

    <p class='ocr_par' dir='ltr' id='par_1_25' title="bbox 64 3105 805 3192">
     <span class='ocr_line' id='line_1_28' title="bbox 64 3105 805 3192; baseline 0.007 -22"><span class='ocrx_word' id='word_1_174' title='bbox 64 3106 116 3170; x_wconf 90' lang='lat' dir='ltr'><strong>sic</strong></span> <span class='ocrx_word' id='word_1_175' title='bbox 135 3105 206 3170; x_wconf 87' lang='lat' dir='ltr'><strong>sera</strong></span> <span class='ocrx_word' id='word_1_176' title='bbox 222 3105 359 3171; x_wconf 91' lang='lat' dir='ltr'><strong>dimotis</strong></span> <span class='ocrx_word' id='word_1_177' title='bbox 375 3106 524 3192; x_wconf 90' lang='lat' dir='ltr'><strong>impulsu</strong></span> <span class='ocrx_word' id='word_1_178' title='bbox 541 3109 687 3192; x_wconf 85' lang='lat' dir='ltr'><strong>pectoris</strong></span> <span class='ocrx_word' id='word_1_179' title='bbox 704 3111 805 3175; x_wconf 87' lang='lat' dir='ltr'><strong>undis</strong></span> 
     </span>
    </p>

    <p class='ocr_par' dir='ltr' id='par_1_26' title="bbox 63 3212 992 3300">
     <span class='ocr_line' id='line_1_29' title="bbox 63 3212 992 3300; baseline 0.008 -25"><span class='ocrx_word' id='word_1_180' title='bbox 63 3225 197 3276; x_wconf 87' lang='lat' dir='ltr'><strong>tantum</strong></span> <span class='ocrx_word' id='word_1_181' title='bbox 216 3212 333 3277; x_wconf 86' lang='lat' dir='ltr'><strong>aberat</strong></span> <span class='ocrx_word' id='word_1_182' title='bbox 348 3213 510 3298; x_wconf 90' lang='lat' dir='ltr'><strong>scopulis,</strong></span> <span class='ocrx_word' id='word_1_183' title='bbox 529 3227 692 3300; x_wconf 89' lang='lat' dir='ltr'><strong>quantum</strong></span> <span class='ocrx_word' id='word_1_184' title='bbox 711 3216 889 3283; x_wconf 87' lang='lat' dir='ltr'><strong>Balearica</strong></span> <span class='ocrx_word' id='word_1_185' title='bbox 906 3228 992 3282; x_wconf 88' lang='lat' dir='ltr'><strong>torto</strong></span> 
     </span>
    </p>

    <p class='ocr_par' dir='ltr' id='par_1_27' title="bbox 64 3305 1116 3405">
     <span class='ocr_line' id='line_1_30' title="bbox 64 3305 1116 3405; baseline 0.009 -23"><span class='ocrx_word' id='word_1_186' title='bbox 64 3319 172 3383; x_wconf 84' lang='lat' dir='ltr'><strong>sunda</strong></span> <span class='ocrx_word' id='word_1_187' title='bbox 190 3330 299 3403; x_wconf 91' lang='lat' dir='ltr'><strong>potest</strong></span> <span class='ocrx_word' id='word_1_188' title='bbox 315 3319 455 3404; x_wconf 90' lang='lat' dir='ltr'><strong>plumbo</strong></span> <span class='ocrx_word' id='word_1_189' title='bbox 472 3305 574 3385; x_wconf 88' lang='lat' dir='ltr'><strong>medii</strong></span> <span class='ocrx_word' id='word_1_190' title='bbox 590 3325 816 3389; x_wconf 80' lang='lat' dir='ltr'><strong>transmittere</strong></span> <span class='ocrx_word' id='word_1_191' title='bbox 833 3324 941 3390; x_wconf 83' lang='lat' dir='ltr'><strong>caeli:</strong></span> <span class='ocrx_word' id='word_1_192' title='bbox 1065 3351 1116 3405; x_wconf 89' lang='lat'><strong>710</strong></span> 
     </span>
    </p>

    <p class='ocr_par' dir='ltr' id='par_1_28' title="bbox 64 3424 901 3516">
     <span class='ocr_line' id='line_1_31' title="bbox 64 3424 901 3516; baseline 0.006 -26"><span class='ocrx_word' id='word_1_193' title='bbox 64 3447 145 3490; x_wconf 88' lang='lat' dir='ltr'><strong>cum</strong></span> <span class='ocrx_word' id='word_1_194' title='bbox 163 3424 273 3490; x_wconf 89' lang='lat' dir='ltr'><strong>subito</strong></span> <span class='ocrx_word' id='word_1_195' title='bbox 286 3425 434 3513; x_wconf 89' lang='lat' dir='ltr'><strong>juvenis,</strong></span> <span class='ocrx_word' id='word_1_196' title='bbox 454 3428 597 3511; x_wconf 87' lang='lat' dir='ltr'><strong>pedibus</strong></span> <span class='ocrx_word' id='word_1_197' title='bbox 614 3430 734 3496; x_wconf 89' lang='lat' dir='ltr'><strong>tellure</strong></span> <span class='ocrx_word' id='word_1_198' title='bbox 750 3434 901 3516; x_wconf 88' lang='lat' dir='ltr'><strong>repulsa,</strong></span> 
     </span>
    </p>

    <p class='ocr_par' dir='ltr' id='par_1_29' title="bbox 65 3532 943 3622">
     <span class='ocr_line' id='line_1_32' title="bbox 65 3532 943 3622; baseline 0.009 -27"><span class='ocrx_word' id='word_1_199' title='bbox 65 3533 195 3596; x_wconf 88' lang='lat' dir='ltr'><strong>arduus</strong></span> <span class='ocrx_word' id='word_1_200' title='bbox 211 3532 246 3594; x_wconf 90' lang='lat' dir='ltr'><strong>in</strong></span> <span class='ocrx_word' id='word_1_201' title='bbox 262 3533 371 3597; x_wconf 92' lang='lat' dir='ltr'><strong>nubes</strong></span> <span class='ocrx_word' id='word_1_202' title='bbox 388 3533 481 3597; x_wconf 89' lang='lat' dir='ltr'><strong>abiit.</strong></span> <span class='ocrx_word' id='word_1_203' title='bbox 530 3532 578 3598; x_wconf 91' lang='lat' dir='ltr'><strong>Ut</strong></span> <span class='ocrx_word' id='word_1_204' title='bbox 594 3534 628 3598; x_wconf 89' lang='lat' dir='ltr'><strong>in</strong></span> <span class='ocrx_word' id='word_1_205' title='bbox 646 3557 793 3622; x_wconf 89' lang='lat' dir='ltr'><strong>aequore</strong></span> <span class='ocrx_word' id='word_1_206' title='bbox 810 3560 943 3603; x_wconf 85' lang='lat' dir='ltr'><strong>summo</strong></span> 
     </span>
    </p>

    <p class='ocr_par' dir='ltr' id='par_1_30' title="bbox 64 3637 1014 3713">
     <span class='ocr_line' id='line_1_33' title="bbox 64 3637 1014 3713; baseline 0.004 -10"><span class='ocrx_word' id='word_1_207' title='bbox 64 3639 188 3703; x_wconf 90' lang='lat' dir='ltr'><strong>umbra</strong></span> <span class='ocrx_word' id='word_1_208' title='bbox 204 3637 267 3701; x_wconf 92' lang='lat' dir='ltr'><strong>viri</strong></span> <span class='ocrx_word' id='word_1_209' title='bbox 286 3639 360 3702; x_wconf 91' lang='lat' dir='ltr'><strong>visa</strong></span> <span class='ocrx_word' id='word_1_210' title='bbox 375 3650 439 3713; x_wconf 87' lang='lat' dir='ltr'><strong>est,</strong></span> <span class='ocrx_word' id='word_1_211' title='bbox 457 3640 565 3704; x_wconf 90' lang='lat' dir='ltr'><strong>visam</strong></span> <span class='ocrx_word' id='word_1_212' title='bbox 582 3641 654 3704; x_wconf 84' lang='lat' dir='ltr'><strong>fera</strong></span> <span class='ocrx_word' id='word_1_213' title='bbox 670 3644 777 3707; x_wconf 89' lang='lat' dir='ltr'><strong>saevit</strong></span> <span class='ocrx_word' id='word_1_214' title='bbox 793 3644 827 3706; x_wconf 89' lang='lat' dir='ltr'><strong>in</strong></span> <span class='ocrx_word' id='word_1_215' title='bbox 844 3645 1014 3709; x_wconf 88' lang='lat' dir='ltr'><strong>umbram.</strong></span> 
     </span>
    </p>

    <p class='ocr_par' dir='ltr' id='par_1_31' title="bbox 65 3744 924 3831">
     <span class='ocr_line' id='line_1_34' title="bbox 65 3744 924 3831; baseline 0.005 -21"><span class='ocrx_word' id='word_1_216' title='bbox 65 3758 170 3831; x_wconf 91' lang='lat' dir='ltr'><strong>utque</strong></span> <span class='ocrx_word' id='word_1_217' title='bbox 182 3744 278 3830; x_wconf 91' lang='lat' dir='ltr'><strong>Jovis</strong></span> <span class='ocrx_word' id='word_1_218' title='bbox 294 3765 452 3830; x_wconf 88' lang='lat' dir='ltr'><strong>praepes,</strong></span> <span class='ocrx_word' id='word_1_219' title='bbox 470 3766 580 3810; x_wconf 89' lang='lat' dir='ltr'><strong>vacuo</strong></span> <span class='ocrx_word' id='word_1_220' title='bbox 597 3767 675 3810; x_wconf 90' lang='lat' dir='ltr'><strong>cum</strong></span> <span class='ocrx_word' id='word_1_221' title='bbox 692 3748 775 3812; x_wconf 88' lang='lat' dir='ltr'><strong>vidit</strong></span> <span class='ocrx_word' id='word_1_222' title='bbox 791 3750 825 3812; x_wconf 91' lang='lat' dir='ltr'><strong>in</strong></span> <span class='ocrx_word' id='word_1_223' title='bbox 842 3771 924 3814; x_wconf 91' lang='lat' dir='ltr'><strong>arvo</strong></span> 
     </span>
    </p>

    <p class='ocr_par' dir='ltr' id='par_1_32' title="bbox 59 3849 1136 3946">
     <span class='ocr_line' id='line_1_35' title="bbox 59 3849 1136 3946; baseline 0.013 -32"><span class='ocrx_word' id='word_1_224' title='bbox 59 3851 281 3934; x_wconf 71' lang='lat' dir='ltr'><strong>praebentem</strong></span> <span class='ocrx_word' id='word_1_225' title='bbox 296 3849 439 3914; x_wconf 74' lang='lat' dir='ltr'><strong>Phoebo</strong></span> <span class='ocrx_word' id='word_1_226' title='bbox 454 3852 594 3917; x_wconf 81' lang='lat' dir='ltr'><strong>liventia</strong></span> <span class='ocrx_word' id='word_1_227' title='bbox 614 3869 716 3946; x_wconf 83' lang='lat' dir='ltr'><strong>terga</strong></span> <span class='ocrx_word' id='word_1_228' title='bbox 733 3858 942 3939; x_wconf 73' lang='lat' dir='ltr'><strong>draconem,</strong></span> <span class='ocrx_word' id='word_1_229' title='bbox 1077 3887 1136 3944; x_wconf 56' lang='lat' dir='ltr'><strong>tlt</strong></span> 
     </span>
    </p>
   </div>
   <div class='ocr_carea' id='block_1_3' title="bbox 0 0 1226 4134">
    <p class='ocr_par' dir='ltr' id='par_1_33' title="bbox 0 0 1226 4134">
     <span class='ocr_line' id='line_1_36' title="bbox 0 0 1226 4134; baseline 0 0"><span class='ocrx_word' id='word_1_230' title='bbox 0 0 1226 4134; x_wconf 95' lang='lat' dir='ltr'><strong> </strong></span> 
     </span>
    </p>
   </div>
  </div>
 </body>
</html>
