2444 4134
68 154 128 208 VI.
143 152 218 225 231.]
401 134 471 202 The
499 136 614 221 Graes
627 138 675 221 os
687 135 814 205 Niobe.
1080 137 1124 223 63

115 331 278 418 Adspicit
291 331 487 419 Alphenor,
505 333 701 420 laniataque
718 344 857 419 pectora
873 333 1044 424 plangens

71 441 225 515 advolat,
242 451 280 504 ut
296 440 430 527 gelidos
447 440 684 526 complexibus
701 441 825 505 allevet
841 451 955 516 artus3

70 545 176 632 inque
194 547 251 631 pio
268 547 359 611 cadit
373 546 500 621 officio,
517 568 599 610 nam
615 545 737 612 Delius
754 546 802 611 illi
1073 578 1125 634 250

71 651 193 716 intima
209 650 344 717 fatifero
360 653 450 738 rupit
466 652 667 737 praecordia
684 653 783 719 ferro.

71 758 164 845 quod
181 759 283 823 simul
300 759 474 834 eductum,
493 780 572 843 pars
589 769 640 822 est
655 757 827 843 pulmonis
843 758 878 824 in
895 759 1008 827 hamis

71 875 181 939 eruta,
200 885 349 950 cumque
366 864 482 928 anima
500 885 599 929 cruor
616 876 667 928 est
683 863 812 930 effusus
827 865 863 930 in
879 886 996 933 auras·

115 969 165 1034 At
181 992 251 1036 nou
268 970 440 1036 intonsum
456 971 604 1056 simplex
620 969 917 1036 Damasichthona
932 974 1057 1039 vulnus

72 1077 200 1143 adiicit.
251 1077 343 1143 Ictus
361 1088 446 1152 erat,
463 1097 532 1164 qua
548 1097 627 1142 crus
643 1098 718 1142 esse
734 1077 865 1163 incipit,
883 1089 917 1143 et
932 1101 1001 1166 qua
1072 1109 1123 1167 ²55

71 1184 190 1248 mollia
207 1205 373 1249 nervosus
390 1184 470 1249 facit
485 1183 676 1248 internodia
692 1185 826 1269 poples.

72 1293 223 1379 dumque
242 1312 346 1355 manu
363 1302 504 1376 temptat
519 1291 654 1356 trahere
671 1291 843 1356 exitiabile
860 1291 979 1368 telum,

72 1399 179 1462 altera
196 1419 259 1484 per
271 1398 432 1486 jugulum
449 1398 571 1484 pennis
588 1409 685 1462 tenus
701 1409 778 1462 acta
794 1398 919 1485 sagitta
935 1409 998 1464 est.

72 1506 204 1590 expulit
221 1506 312 1570 hanc
328 1506 484 1593 sanguis,
502 1525 607 1591 seque
624 1504 813 1592 ejaculatus
830 1505 865 1569 in
882 1506 989 1570 altum

72 1612 210 1687 emicat,
228 1623 263 1677 et
278 1613 383 1700 longe
399 1612 568 1676 terebrata
585 1611 715 1696 prosilit
731 1632 828 1675 aura.
1073 1635 1126 1683 260

117 1719 269 1784 Ultimus
287 1719 437 1784 Ilioneus
454 1741 521 1784 non
539 1717 733 1803 profectura
750 1719 924 1803 precando

71 1825 237 1891 bracchia
253 1827 449 1900 sustulerat,
466 1825 602 1912 Dique
624 1823 656 1890 0
670 1826 896 1890 communiter
911 1845 1038 1901 omnes,

72 1933 221 2006 dixerat,
239 1931 382 2022 ignarus
398 1953 467 1997 non
484 1953 604 1997 omnes
621 1951 697 1996 esse
714 1932 902 2018 rogandos,

65 2039 232 2126 parcite!
254 2039 374 2106 Motus
390 2051 474 2116 erat,
493 2060 571 2104 cum
585 2038 656 2126 jam
675 2039 867 2104 revocabile
884 2039 989 2104 telum

72 2168 141 2211 non
160 2146 235 2221 suit,
252 2145 479 2221 Arcitenens3
504 2146 648 2211 minimo
663 2155 778 2211 tamen
796 2145 920 2212 occidit
936 2147 994 2211 ille
1073 2166 1124 2232 2⁶5

71 2254 228 2328 vulnere,
246 2275 314 2319 non
331 2254 399 2318 alte
416 2273 579 2338 percusso
595 2254 697 2318 corde
714 2252 851 2340 sagitta.

117 2360 228 2425 Fama
245 2359 327 2425 mali
343 2360 529 2447 populique
546 2361 643 2426 dolor
659 2359 891 2446 lacrimaeque
907 2381 1046 2426 suorum

70 2478 142 2532 tam
159 2467 289 2532 subitae
307 2480 450 2532 matrem
467 2474 595 2532 certam
613 2466 725 2532 secere
741 2468 861 2531 ruinae

72 2575 253 2639 mirantem
270 2574 433 2660 potuisse,
451 2574 736 2661 irascentemque,
755 2574 846 2660 quod
864 2572 937 2638 ausi

72 2683 140 2746 hoc
155 2694 267 2746 essent
283 2681 412 2767 superi,
429 2681 522 2768 quod
538 2692 670 2746 tantum
682 2680 770 2768 juris
788 2681 965 2746 haberent.
1072 2712 1125 2765 270

71 2810 153 2852 nam
170 2801 266 2874 pater
281 2788 473 2875 Amphion,
492 2788 581 2853 ferro
599 2809 660 2873 per
675 2798 794 2873 pectus
811 2788 946 2864 adacto,

70 2895 206 2959 finierat
222 2895 371 2960 moriens
386 2894 513 2980 pariter
529 2915 608 2959 cum
625 2894 701 2960 luce
718 2895 884 2959 dolorem.

118 3000 197 3066 Heu
214 3013 380 3088 quantum
397 3003 485 3067 haec
500 3000 613 3067 Niobe
629 3000 742 3067 Niobe
759 3002 906 3067 distabat
922 3001 966 3068 ab
982 3001 1055 3080 illa,

69 3130 160 3196 quae
177 3109 277 3175 modo
293 3108 412 3174 Latois
428 3110 593 3195 populum
611 3120 842 3174 summoverat
859 3109 939 3185 aris,

70 3227 104 3280 et
120 3216 408 3281 mediam'tulerat
424 3237 563 3302 gressus
579 3216 741 3302 resupina
758 3239 819 3302 per
835 3217 968 3293 urbem,
1070 3247 1121 3304 275

68 3322 240 3388 invidiosa
256 3321 348 3388 suisl
374 3332 407 3387 at
422 3343 515 3388 nunc
531 3323 726 3389 miseranda
742 3325 797 3388 vel
816 3323 915 3389 hosti.

69 3429 269 3515 corporibus
285 3430 409 3518 gelidis
425 3430 603 3506 incumbit,
622 3442 655 3495 et
670 3431 790 3496 ordine
806 3430 901 3496 nullo

68 3536 189 3602 oscula
205 3536 380 3621 dispensat
395 3549 492 3607 natos
509 3557 669 3621 suprema
685 3558 746 3621 per
761 3558 894 3603 omnes.

70 3665 91 3707 a
107 3643 231 3725 quibus
244 3645 291 3705 ad
306 3644 438 3706 caelum
456 3645 596 3710 liventia
615 3643 784 3714 bracchia
799 3645 943 3726 tollens,

56 3743 235 3814 ‘Pascere
255 3747 417 3823 crudelis,
437 3766 575 3836 nostro,
594 3755 760 3842 Latona,
781 3762 933 3833 dolote:
1107 3773 1165 3829 ato

26 3858 177 3916 pascere
189 3843 268 3916 ’aia
293 3855 481 3944 ‘seriaque
497 3885 585 3936 meo
605 3884 673 3943 tua
693 3891 856 3968 pectora
870 3879 1006 3947 tuctus
