<?xml version="1.0" encoding="UTF-8"?>
<!DOCTYPE html PUBLIC "-//W3C//DTD XHTML 1.0 Transitional//EN"
    "http://www.w3.org/TR/xhtml1/DTD/xhtml1-transitional.dtd">
<html xmlns="http://www.w3.org/1999/xhtml" xml:lang="en" lang="en">
 <head>
  <title>
</title>
<meta http-equiv="Content-Type" content="text/html;charset=utf-8" />
  <meta name='ocr-system' content='tesseract 3.04.00' />
  <meta name='ocr-capabilities' content='ocr_page ocr_carea ocr_par ocr_line ocrx_word'/>
</head>
<body>
  <div class='ocr_page' id='page_1' title='image "./publiovidinason00allegoog/publiovidinason00allegoog_0179.png"; bbox 0 0 2444 4134; ppageno 0'>
   <div class='ocr_carea' id='block_1_1' title="bbox 101 127 1129 220">
    <p class='ocr_par' dir='ltr' id='par_1_1' title="bbox 101 127 1129 220">
     <span class='ocr_line' id='line_1_1' title="bbox 101 127 1129 220; baseline -0.004 -22"><span class='ocrx_word' id='word_1_1' title='bbox 101 127 167 198; x_wconf 86' lang='lat'>166</span> <span class='ocrx_word' id='word_1_2' title='bbox 471 129 622 197; x_wconf 72' lang='lat' dir='ltr'>Skorter</span> <span class='ocrx_word' id='word_1_3' title='bbox 644 130 779 196; x_wconf 74' lang='lat' dir='ltr'>Poenas.</span> <span class='ocrx_word' id='word_1_4' title='bbox 1000 147 1129 220; x_wconf 61' lang='lat' dir='ltr'>[mom</span> 
     </span>
    </p>
   </div>
   <div class='ocr_carea' id='block_1_2' title="bbox 483 445 768 512">
    <p class='ocr_par' dir='ltr' id='par_1_2' title="bbox 483 445 768 512">
     <span class='ocr_line' id='line_1_2' title="bbox 483 445 768 512; baseline 0 -2"><span class='ocrx_word' id='word_1_5' title='bbox 483 445 548 510; x_wconf 91' lang='lat' dir='ltr'><strong>III.</strong></span> <span class='ocrx_word' id='word_1_6' title='bbox 597 445 768 512; x_wconf 77' lang='lat' dir='ltr'>Auroans.</span> 
     </span>
    </p>
   </div>
   <div class='ocr_carea' id='block_1_3' title="bbox 98 637 1145 971">
    <p class='ocr_par' dir='ltr' id='par_1_3' title="bbox 98 637 1145 971">
     <span class='ocr_line' id='line_1_3' title="bbox 152 637 1143 712; baseline -0.001 -18"><span class='ocrx_word' id='word_1_7' title='bbox 152 642 221 694; x_wconf 73' lang='lat' dir='ltr'>Tne</span> <span class='ocrx_word' id='word_1_8' title='bbox 232 642 355 694; x_wconf 83' lang='lat' dir='ltr'>Amores</span> <span class='ocrx_word' id='word_1_9' title='bbox 366 638 476 693; x_wconf 85' lang='lat' dir='ltr'>consist</span> <span class='ocrx_word' id='word_1_10' title='bbox 487 637 520 692; x_wconf 83' lang='lat' dir='ltr'>os</span> <span class='ocrx_word' id='word_1_11' title='bbox 528 639 605 694; x_wconf 85' lang='lat' dir='ltr'>three</span> <span class='ocrx_word' id='word_1_12' title='bbox 615 639 705 694; x_wconf 90' lang='lat' dir='ltr'><strong>books</strong></span> <span class='ocrx_word' id='word_1_13' title='bbox 719 638 752 693; x_wconf 76' lang='grc' dir='ltr'>οἰ</span> <span class='ocrx_word' id='word_1_14' title='bbox 759 640 839 695; x_wconf 82' lang='lat' dir='ltr'><strong>short</strong></span> <span class='ocrx_word' id='word_1_15' title='bbox 850 656 959 710; x_wconf 74' lang='lat' dir='ltr'>poenis,</span> <span class='ocrx_word' id='word_1_16' title='bbox 970 657 1038 712; x_wconf 84' lang='lat' dir='ltr'>very</span> <span class='ocrx_word' id='word_1_17' title='bbox 1047 641 1143 694; x_wconf 86' lang='lat' dir='ltr'>miscel-</span> 
     </span>
     <span class='ocr_line' id='line_1_4' title="bbox 99 725 1144 797; baseline -0.002 -15"><span class='ocrx_word' id='word_1_18' title='bbox 99 728 214 782; x_wconf 87' lang='lat' dir='ltr'>laneous</span> <span class='ocrx_word' id='word_1_19' title='bbox 230 729 258 780; x_wconf 96' lang='lat' dir='ltr'>in</span> <span class='ocrx_word' id='word_1_20' title='bbox 277 728 349 782; x_wconf 88' lang='lat' dir='ltr'>their</span> <span class='ocrx_word' id='word_1_21' title='bbox 368 725 502 797; x_wconf 88' lang='lat' dir='ltr'>subjects,</span> <span class='ocrx_word' id='word_1_22' title='bbox 521 726 706 794; x_wconf 82' lang='lat' dir='ltr'><strong>sentimental,</strong></span> <span class='ocrx_word' id='word_1_23' title='bbox 721 727 897 797; x_wconf 88' lang='lat' dir='ltr'>voluptuous,</span> <span class='ocrx_word' id='word_1_24' title='bbox 913 728 1144 797; x_wconf 77' lang='lat' dir='ltr'>complimentary.</span> 
     </span>
     <span class='ocr_line' id='line_1_5' title="bbox 98 813 1145 885; baseline -0.004 -16"><span class='ocrx_word' id='word_1_25' title='bbox 98 833 131 870; x_wconf 91' lang='lat' dir='ltr'>or</span> <span class='ocrx_word' id='word_1_26' title='bbox 149 815 285 885; x_wconf 74' lang='lat' dir='ltr'>personat.</span> <span class='ocrx_word' id='word_1_27' title='bbox 324 814 420 867; x_wconf 89' lang='lat' dir='ltr'>Those</span> <span class='ocrx_word' id='word_1_28' title='bbox 441 814 508 867; x_wconf 87' lang='lat' dir='ltr'>here</span> <span class='ocrx_word' id='word_1_29' title='bbox 528 813 611 883; x_wconf 80' lang='lat' dir='ltr'>given</span> <span class='ocrx_word' id='word_1_30' title='bbox 632 814 733 868; x_wconf 91' lang='lat' dir='ltr'>havea</span> <span class='ocrx_word' id='word_1_31' title='bbox 752 813 856 882; x_wconf 88' lang='lat' dir='ltr'>special</span> <span class='ocrx_word' id='word_1_32' title='bbox 878 814 1005 879; x_wconf 78' lang='lat' dir='ltr'>interest,</span> <span class='ocrx_word' id='word_1_33' title='bbox 1028 831 1060 866; x_wconf 90' lang='lat' dir='ltr'>as</span> <span class='ocrx_word' id='word_1_34' title='bbox 1078 815 1145 866; x_wconf 76' lang='lat' dir='ltr'>illue·</span> 
     </span>
     <span class='ocr_line' id='line_1_6' title="bbox 98 897 1138 971; baseline -0.004 -17"><span class='ocrx_word' id='word_1_35' title='bbox 98 901 201 971; x_wconf 86' lang='lat' dir='ltr'>trating</span> <span class='ocrx_word' id='word_1_36' title='bbox 213 901 260 955; x_wconf 93' lang='lat' dir='ltr'>the</span> <span class='ocrx_word' id='word_1_37' title='bbox 272 902 363 970; x_wconf 86' lang='lat' dir='ltr'>poet&#39;s</span> <span class='ocrx_word' id='word_1_38' title='bbox 374 898 474 953; x_wconf 86' lang='lat' dir='ltr'>earlier</span> <span class='ocrx_word' id='word_1_39' title='bbox 486 898 648 968; x_wconf 86' lang='lat' dir='ltr'>aspiration,</span> <span class='ocrx_word' id='word_1_40' title='bbox 662 898 717 952; x_wconf 91' lang='lat' dir='ltr'>and</span> <span class='ocrx_word' id='word_1_41' title='bbox 736 898 783 952; x_wconf 87' lang='lat' dir='ltr'>the</span> <span class='ocrx_word' id='word_1_42' title='bbox 801 914 877 952; x_wconf 89' lang='lat' dir='ltr'>more</span> <span class='ocrx_word' id='word_1_43' title='bbox 889 897 996 970; x_wconf 86' lang='lat' dir='ltr'>playful</span> <span class='ocrx_word' id='word_1_44' title='bbox 1008 907 1105 967; x_wconf 82' lang='lat' dir='ltr'>aspect</span> <span class='ocrx_word' id='word_1_45' title='bbox 1115 909 1138 950; x_wconf 75' lang='lat' dir='ltr'>ot</span> 
     </span>
    </p>
   </div>
   <div class='ocr_carea' id='block_1_4' title="bbox 98 988 245 1042">
    <p class='ocr_par' dir='ltr' id='par_1_4' title="bbox 98 988 245 1042">
     <span class='ocr_line' id='line_1_7' title="bbox 98 988 245 1042; baseline 0.007 -1"><span class='ocrx_word' id='word_1_46' title='bbox 98 988 142 1041; x_wconf 91' lang='lat' dir='ltr'>his</span> <span class='ocrx_word' id='word_1_47' title='bbox 155 1004 245 1042; x_wconf 87' lang='lat' dir='ltr'>verse.</span> 
     </span>
    </p>
   </div>
   <div class='ocr_carea' id='block_1_5' title="bbox 301 1192 951 1281">
    <p class='ocr_par' dir='ltr' id='par_1_5' title="bbox 301 1192 951 1281">
     <span class='ocr_line' id='line_1_8' title="bbox 301 1192 951 1281; baseline -0.003 -23"><span class='ocrx_word' id='word_1_48' title='bbox 301 1213 330 1258; x_wconf 91' lang='lat'>1.</span> <span class='ocrx_word' id='word_1_49' title='bbox 364 1192 436 1258; x_wconf 69' lang='lat' dir='ltr'>Tae</span> <span class='ocrx_word' id='word_1_50' title='bbox 457 1195 547 1259; x_wconf 78' lang='lat' dir='ltr'>Poet</span> <span class='ocrx_word' id='word_1_51' title='bbox 568 1195 617 1278; x_wconf 90' lang='lat' dir='ltr'>os</span> <span class='ocrx_word' id='word_1_52' title='bbox 629 1193 784 1259; x_wconf 83' lang='lat' dir='ltr'>Idleness</span> <span class='ocrx_word' id='word_1_53' title='bbox 811 1192 852 1281; x_wconf 90' lang='lat' dir='ltr'>(i.</span> <span class='ocrx_word' id='word_1_54' title='bbox 875 1194 951 1281; x_wconf 84' lang='lat'>15).</span> 
     </span>
    </p>
   </div>
   <div class='ocr_carea' id='block_1_6' title="bbox 55 1400 1151 3934">
    <p class='ocr_par' dir='ltr' id='par_1_6' title="bbox 55 1400 1151 3934">
     <span class='ocr_line' id='line_1_9' title="bbox 182 1400 1066 1490; baseline 0.001 -23"><span class='ocrx_word' id='word_1_55' title='bbox 182 1400 269 1468; x_wconf 91' lang='lat' dir='ltr'>UID</span> <span class='ocrx_word' id='word_1_56' title='bbox 293 1402 390 1474; x_wconf 92' lang='lat' dir='ltr'>mihi,</span> <span class='ocrx_word' id='word_1_57' title='bbox 408 1401 515 1466; x_wconf 90' lang='lat' dir='ltr'>Livor</span> <span class='ocrx_word' id='word_1_58' title='bbox 531 1402 635 1477; x_wconf 88' lang='lat' dir='ltr'>edax,</span> <span class='ocrx_word' id='word_1_59' title='bbox 653 1402 799 1490; x_wconf 89' lang='lat' dir='ltr'>ignavos</span> <span class='ocrx_word' id='word_1_60' title='bbox 815 1401 923 1467; x_wconf 91' lang='lat' dir='ltr'>obicis</span> <span class='ocrx_word' id='word_1_61' title='bbox 940 1423 1066 1479; x_wconf 84' lang='lat' dir='ltr'>annos,</span> 
     </span>
     <span class='ocr_line' id='line_1_10' title="bbox 227 1507 971 1596; baseline -0.001 -23"><span class='ocrx_word' id='word_1_62' title='bbox 227 1508 431 1596; x_wconf 88' lang='lat' dir='ltr'>Ingeniique</span> <span class='ocrx_word' id='word_1_63' title='bbox 447 1530 553 1574; x_wconf 84' lang='lat' dir='ltr'>vocas</span> <span class='ocrx_word' id='word_1_64' title='bbox 569 1530 710 1574; x_wconf 89' lang='lat' dir='ltr'>carmen</span> <span class='ocrx_word' id='word_1_65' title='bbox 726 1509 845 1574; x_wconf 85' lang='lat' dir='ltr'>inertis</span> <span class='ocrx_word' id='word_1_66' title='bbox 860 1507 971 1594; x_wconf 88' lang='lat' dir='ltr'>opus?</span> 
     </span>
     <span class='ocr_line' id='line_1_11' title="bbox 97 1612 1055 1697; baseline 0.001 -19"><span class='ocrx_word' id='word_1_67' title='bbox 97 1612 179 1678; x_wconf 91' lang='lat' dir='ltr'>Non</span> <span class='ocrx_word' id='word_1_68' title='bbox 197 1635 251 1678; x_wconf 91' lang='lat' dir='ltr'>me</span> <span class='ocrx_word' id='word_1_69' title='bbox 269 1636 362 1678; x_wconf 89' lang='lat' dir='ltr'>more</span> <span class='ocrx_word' id='word_1_70' title='bbox 378 1625 526 1697; x_wconf 90' lang='lat' dir='ltr'>patrum,</span> <span class='ocrx_word' id='word_1_71' title='bbox 545 1614 627 1678; x_wconf 90' lang='lat' dir='ltr'>dum</span> <span class='ocrx_word' id='word_1_72' title='bbox 644 1624 781 1678; x_wconf 89' lang='lat' dir='ltr'>strenua</span> <span class='ocrx_word' id='word_1_73' title='bbox 798 1614 942 1678; x_wconf 87' lang='lat' dir='ltr'>sustinet</span> <span class='ocrx_word' id='word_1_74' title='bbox 958 1625 1055 1680; x_wconf 87' lang='lat' dir='ltr'>aetas</span> 
     </span>
     <span class='ocr_line' id='line_1_12' title="bbox 142 1719 840 1806; baseline -0.003 -21"><span class='ocrx_word' id='word_1_75' title='bbox 142 1719 299 1785; x_wconf 84' lang='lat' dir='ltr'>Praemia</span> <span class='ocrx_word' id='word_1_76' title='bbox 318 1721 457 1785; x_wconf 86' lang='lat' dir='ltr'>miiitiae</span> <span class='ocrx_word' id='word_1_77' title='bbox 474 1721 711 1805; x_wconf 88' lang='lat' dir='ltr'>pulverulenta</span> <span class='ocrx_word' id='word_1_78' title='bbox 728 1721 840 1806; x_wconf 89' lang='lat' dir='ltr'>sequi,</span> 
     </span>
     <span class='ocr_line' id='line_1_13' title="bbox 97 1825 1150 1915; baseline 0.001 -24"><span class='ocrx_word' id='word_1_79' title='bbox 97 1825 174 1891; x_wconf 94' lang='lat' dir='ltr'>Nec</span> <span class='ocrx_word' id='word_1_80' title='bbox 192 1849 244 1890; x_wconf 91' lang='lat' dir='ltr'>me</span> <span class='ocrx_word' id='word_1_81' title='bbox 262 1829 423 1892; x_wconf 88' lang='lat' dir='ltr'>verbosas</span> <span class='ocrx_word' id='word_1_82' title='bbox 440 1828 537 1913; x_wconf 82' lang='lat' dir='ltr'>leges</span> <span class='ocrx_word' id='word_1_83' title='bbox 554 1827 721 1902; x_wconf 86' lang='lat' dir='ltr'>ediscere,</span> <span class='ocrx_word' id='word_1_84' title='bbox 741 1848 807 1892; x_wconf 89' lang='lat' dir='ltr'>nec</span> <span class='ocrx_word' id='word_1_85' title='bbox 823 1849 878 1892; x_wconf 91' lang='lat' dir='ltr'>me</span> <span class='ocrx_word' id='word_1_86' title='bbox 1137 1861 1150 1915; x_wconf 80' lang='lat'>5</span> 
     </span>
     <span class='ocr_line' id='line_1_14' title="bbox 143 1932 748 2019; baseline 0.003 -23"><span class='ocrx_word' id='word_1_87' title='bbox 143 1932 282 2019; x_wconf 84' lang='lat' dir='ltr'>Ingrato</span> <span class='ocrx_word' id='word_1_88' title='bbox 298 1954 418 1997; x_wconf 90' lang='lat' dir='ltr'>vocem</span> <span class='ocrx_word' id='word_1_89' title='bbox 436 1933 646 2018; x_wconf 89' lang='lat' dir='ltr'>prostituisse</span> <span class='ocrx_word' id='word_1_90' title='bbox 663 1934 748 1998; x_wconf 75' lang='lat' dir='ltr'>soro·</span> 
     </span>
     <span class='ocr_line' id='line_1_15' title="bbox 97 2038 1130 2128; baseline 0.006 -26"><span class='ocrx_word' id='word_1_91' title='bbox 97 2038 244 2103; x_wconf 85' lang='lat' dir='ltr'>Mortale</span> <span class='ocrx_word' id='word_1_92' title='bbox 261 2053 324 2115; x_wconf 86' lang='lat' dir='ltr'>est,</span> <span class='ocrx_word' id='word_1_93' title='bbox 342 2041 434 2126; x_wconf 92' lang='lat' dir='ltr'>quod</span> <span class='ocrx_word' id='word_1_94' title='bbox 450 2040 599 2125; x_wconf 91' lang='lat' dir='ltr'>quaeris,</span> <span class='ocrx_word' id='word_1_95' title='bbox 617 2061 726 2124; x_wconf 83' lang='lat' dir='ltr'>opus:</span> <span class='ocrx_word' id='word_1_96' title='bbox 753 2041 835 2105; x_wconf 88' lang='lat' dir='ltr'>mihi</span> <span class='ocrx_word' id='word_1_97' title='bbox 855 2042 948 2107; x_wconf 89' lang='lat' dir='ltr'>sama</span> <span class='ocrx_word' id='word_1_98' title='bbox 965 2043 1130 2128; x_wconf 88' lang='lat' dir='ltr'>perennis</span> 
     </span>
     <span class='ocr_line' id='line_1_16' title="bbox 143 2145 920 2232; baseline 0.001 -22"><span class='ocrx_word' id='word_1_99' title='bbox 143 2145 341 2232; x_wconf 68' lang='lat' dir='ltr'>Quaeritur,</span> <span class='ocrx_word' id='word_1_100' title='bbox 360 2147 394 2211; x_wconf 90' lang='lat' dir='ltr'>in</span> <span class='ocrx_word' id='word_1_101' title='bbox 410 2158 479 2213; x_wconf 91' lang='lat' dir='ltr'>toto</span> <span class='ocrx_word' id='word_1_102' title='bbox 498 2168 634 2232; x_wconf 88' lang='lat' dir='ltr'>semper</span> <span class='ocrx_word' id='word_1_103' title='bbox 649 2157 687 2212; x_wconf 91' lang='lat' dir='ltr'>ut</span> <span class='ocrx_word' id='word_1_104' title='bbox 701 2149 784 2213; x_wconf 91' lang='lat' dir='ltr'>orbe</span> <span class='ocrx_word' id='word_1_105' title='bbox 801 2170 920 2213; x_wconf 88' lang='lat' dir='ltr'>canar.</span> 
     </span>
     <span class='ocr_line' id='line_1_17' title="bbox 96 2252 970 2331; baseline 0.005 -15"><span class='ocrx_word' id='word_1_106' title='bbox 96 2252 198 2317; x_wconf 91' lang='lat' dir='ltr'>Vivet</span> <span class='ocrx_word' id='word_1_107' title='bbox 214 2253 432 2326; x_wconf 91' lang='lat' dir='ltr'>Maeonides,</span> <span class='ocrx_word' id='word_1_108' title='bbox 450 2253 612 2319; x_wconf 89' lang='lat' dir='ltr'>Tenedos</span> <span class='ocrx_word' id='word_1_109' title='bbox 629 2255 711 2318; x_wconf 90' lang='lat' dir='ltr'>dum</span> <span class='ocrx_word' id='word_1_110' title='bbox 729 2256 830 2320; x_wconf 88' lang='lat' dir='ltr'>stabit</span> <span class='ocrx_word' id='word_1_111' title='bbox 846 2268 879 2320; x_wconf 90' lang='lat' dir='ltr'>et</span> <span class='ocrx_word' id='word_1_112' title='bbox 895 2255 970 2331; x_wconf 90' lang='lat' dir='ltr'>Ide,</span> 
     </span>
     <span class='ocr_line' id='line_1_18' title="bbox 141 2359 1151 2449; baseline 0.007 -26"><span class='ocrx_word' id='word_1_113' title='bbox 141 2359 233 2423; x_wconf 90' lang='lat' dir='ltr'>Dum</span> <span class='ocrx_word' id='word_1_114' title='bbox 251 2361 388 2445; x_wconf 90' lang='lat' dir='ltr'>rapidas</span> <span class='ocrx_word' id='word_1_115' title='bbox 405 2360 532 2425; x_wconf 88' lang='lat' dir='ltr'>Simois</span> <span class='ocrx_word' id='word_1_116' title='bbox 549 2361 583 2423; x_wconf 94' lang='lat' dir='ltr'>in</span> <span class='ocrx_word' id='word_1_117' title='bbox 600 2383 696 2426; x_wconf 86' lang='lat' dir='ltr'>mare</span> <span class='ocrx_word' id='word_1_118' title='bbox 712 2363 826 2428; x_wconf 90' lang='lat' dir='ltr'>volvet</span> <span class='ocrx_word' id='word_1_119' title='bbox 843 2384 965 2449; x_wconf 87' lang='lat' dir='ltr'>aquas.</span> <span class='ocrx_word' id='word_1_120' title='bbox 1121 2399 1151 2436; x_wconf 79' lang='lat'>10</span> 
     </span>
     <span class='ocr_line' id='line_1_19' title="bbox 95 2458 943 2548; baseline 0.007 -18"><span class='ocrx_word' id='word_1_121' title='bbox 95 2466 198 2530; x_wconf 87' lang='lat' dir='ltr'>Vivet</span> <span class='ocrx_word' id='word_1_122' title='bbox 213 2480 247 2531; x_wconf 94' lang='lat' dir='ltr'>et</span> <span class='ocrx_word' id='word_1_123' title='bbox 261 2466 449 2541; x_wconf 86' lang='lat' dir='ltr'>Ascraeus,</span> <span class='ocrx_word' id='word_1_124' title='bbox 469 2468 550 2531; x_wconf 91' lang='lat' dir='ltr'>dum</span> <span class='ocrx_word' id='word_1_125' title='bbox 567 2468 686 2533; x_wconf 87' lang='lat' dir='ltr'>mustis</span> <span class='ocrx_word' id='word_1_126' title='bbox 703 2491 769 2533; x_wconf 90' lang='lat' dir='ltr'>uva</span> <span class='ocrx_word' id='word_1_127' title='bbox 787 2458 943 2548; x_wconf 85' lang='lat' dir='ltr'>tumebit,</span> 
     </span>
     <span class='ocr_line' id='line_1_20' title="bbox 141 2572 898 2643; baseline 0.009 -7"><span class='ocrx_word' id='word_1_128' title='bbox 141 2572 232 2637; x_wconf 91' lang='lat' dir='ltr'>Dum</span> <span class='ocrx_word' id='word_1_129' title='bbox 251 2574 349 2638; x_wconf 85' lang='lat' dir='ltr'>cadet</span> <span class='ocrx_word' id='word_1_130' title='bbox 365 2574 507 2637; x_wconf 90' lang='lat' dir='ltr'>incurva</span> <span class='ocrx_word' id='word_1_131' title='bbox 525 2574 612 2638; x_wconf 75' lang='lat' dir='ltr'>falce</span> <span class='ocrx_word' id='word_1_132' title='bbox 629 2586 760 2640; x_wconf 87' lang='lat' dir='ltr'>resecta</span> <span class='ocrx_word' id='word_1_133' title='bbox 778 2575 898 2643; x_wconf 88' lang='lat' dir='ltr'>Ceres.</span> 
     </span>
     <span class='ocr_line' id='line_1_21' title="bbox 96 2679 835 2764; baseline 0.004 -21"><span class='ocrx_word' id='word_1_134' title='bbox 96 2679 270 2745; x_wconf 86' lang='lat' dir='ltr'>Battiades</span> <span class='ocrx_word' id='word_1_135' title='bbox 286 2701 422 2764; x_wconf 91' lang='lat' dir='ltr'>semper</span> <span class='ocrx_word' id='word_1_136' title='bbox 439 2691 508 2744; x_wconf 90' lang='lat' dir='ltr'>toto</span> <span class='ocrx_word' id='word_1_137' title='bbox 524 2682 716 2746; x_wconf 89' lang='lat' dir='ltr'>cantabitur</span> <span class='ocrx_word' id='word_1_138' title='bbox 732 2686 835 2749; x_wconf 84' lang='lat' dir='ltr'>orbe:</span> 
     </span>
     <span class='ocr_line' id='line_1_22' title="bbox 141 2785 882 2875; baseline 0.011 -25"><span class='ocrx_word' id='word_1_139' title='bbox 141 2785 309 2875; x_wconf 66' lang='lat' dir='ltr'>Quamvis</span> <span class='ocrx_word' id='word_1_140' title='bbox 326 2788 466 2874; x_wconf 88' lang='lat' dir='ltr'>ingenio</span> <span class='ocrx_word' id='word_1_141' title='bbox 483 2810 551 2852; x_wconf 92' lang='lat' dir='ltr'>non</span> <span class='ocrx_word' id='word_1_142' title='bbox 568 2790 670 2863; x_wconf 86' lang='lat' dir='ltr'>valet,</span> <span class='ocrx_word' id='word_1_143' title='bbox 691 2804 761 2856; x_wconf 88' lang='lat' dir='ltr'>arte</span> <span class='ocrx_word' id='word_1_144' title='bbox 779 2793 882 2859; x_wconf 89' lang='lat' dir='ltr'>valet.</span> 
     </span>
     <span class='ocr_line' id='line_1_23' title="bbox 95 2893 896 2982; baseline 0.011 -26"><span class='ocrx_word' id='word_1_145' title='bbox 95 2893 201 2958; x_wconf 86' lang='lat' dir='ltr'>Nulla</span> <span class='ocrx_word' id='word_1_146' title='bbox 218 2893 413 2979; x_wconf 91' lang='lat' dir='ltr'>Sophocleo</span> <span class='ocrx_word' id='word_1_147' title='bbox 430 2895 542 2958; x_wconf 90' lang='lat' dir='ltr'>veniet</span> <span class='ocrx_word' id='word_1_148' title='bbox 555 2895 690 2982; x_wconf 85' lang='lat' dir='ltr'>jactura</span> <span class='ocrx_word' id='word_1_149' title='bbox 709 2901 896 2976; x_wconf 83' lang='lat' dir='ltr'>cothurn03</span> 
     </span>
     <span class='ocr_line' id='line_1_24' title="bbox 139 2999 851 3088; baseline 0.004 -22"><span class='ocrx_word' id='word_1_150' title='bbox 139 2999 228 3066; x_wconf 90' lang='lat' dir='ltr'>Cum</span> <span class='ocrx_word' id='word_1_151' title='bbox 246 3001 317 3065; x_wconf 91' lang='lat' dir='ltr'>sole</span> <span class='ocrx_word' id='word_1_152' title='bbox 334 3012 366 3064; x_wconf 92' lang='lat' dir='ltr'>et</span> <span class='ocrx_word' id='word_1_153' title='bbox 383 3001 463 3064; x_wconf 91' lang='lat' dir='ltr'>luna</span> <span class='ocrx_word' id='word_1_154' title='bbox 480 3023 616 3088; x_wconf 87' lang='lat' dir='ltr'>semper</span> <span class='ocrx_word' id='word_1_155' title='bbox 633 3003 761 3070; x_wconf 91' lang='lat' dir='ltr'>Aratus</span> <span class='ocrx_word' id='word_1_156' title='bbox 778 3008 851 3071; x_wconf 87' lang='lat' dir='ltr'>erit.</span> 
     </span>
     <span class='ocr_line' id='line_1_25' title="bbox 94 3106 1000 3198; baseline 0.011 -28"><span class='ocrx_word' id='word_1_157' title='bbox 94 3106 186 3170; x_wconf 91' lang='lat' dir='ltr'>Dum</span> <span class='ocrx_word' id='word_1_158' title='bbox 204 3107 311 3171; x_wconf 79' lang='lat' dir='ltr'>fallax</span> <span class='ocrx_word' id='word_1_159' title='bbox 327 3129 458 3183; x_wconf 85' lang='lat' dir='ltr'>servus,</span> <span class='ocrx_word' id='word_1_160' title='bbox 479 3110 584 3174; x_wconf 91' lang='lat' dir='ltr'>durus</span> <span class='ocrx_word' id='word_1_161' title='bbox 602 3124 711 3197; x_wconf 88' lang='lat' dir='ltr'>pater,</span> <span class='ocrx_word' id='word_1_162' title='bbox 729 3113 885 3198; x_wconf 87' lang='lat' dir='ltr'>improba</span> <span class='ocrx_word' id='word_1_163' title='bbox 902 3115 1000 3180; x_wconf 78' lang='lat' dir='ltr'>lena·</span> 
     </span>
     <span class='ocr_line' id='line_1_26' title="bbox 138 3213 970 3293; baseline 0.007 -15"><span class='ocrx_word' id='word_1_164' title='bbox 138 3213 264 3278; x_wconf 90' lang='lat' dir='ltr'>Vivent</span> <span class='ocrx_word' id='word_1_165' title='bbox 280 3227 313 3278; x_wconf 88' lang='lat' dir='ltr'>et</span> <span class='ocrx_word' id='word_1_166' title='bbox 329 3217 488 3280; x_wconf 89' lang='lat' dir='ltr'>meretrix</span> <span class='ocrx_word' id='word_1_167' title='bbox 506 3220 648 3293; x_wconf 87' lang='lat' dir='ltr'>blanda,</span> <span class='ocrx_word' id='word_1_168' title='bbox 667 3220 879 3286; x_wconf 88' lang='lat' dir='ltr'>Menandros</span> <span class='ocrx_word' id='word_1_169' title='bbox 896 3222 970 3285; x_wconf 88' lang='lat' dir='ltr'>erit.</span> 
     </span>
     <span class='ocr_line' id='line_1_27' title="bbox 94 3320 906 3411; baseline 0.009 -27"><span class='ocrx_word' id='word_1_170' title='bbox 94 3320 227 3385; x_wconf 87' lang='lat' dir='ltr'>Ennius</span> <span class='ocrx_word' id='word_1_171' title='bbox 243 3332 313 3385; x_wconf 90' lang='lat' dir='ltr'>arte</span> <span class='ocrx_word' id='word_1_172' title='bbox 331 3343 452 3388; x_wconf 87' lang='lat' dir='ltr'>carens</span> <span class='ocrx_word' id='word_1_173' title='bbox 471 3325 684 3411; x_wconf 85' lang='lat' dir='ltr'>animosique</span> <span class='ocrx_word' id='word_1_174' title='bbox 697 3323 826 3391; x_wconf 89' lang='lat' dir='ltr'>Accius</span> <span class='ocrx_word' id='word_1_175' title='bbox 837 3328 906 3392; x_wconf 91' lang='lat' dir='ltr'>oris</span> 
     </span>
     <span class='ocr_line' id='line_1_28' title="bbox 138 3426 888 3516; baseline 0.001 -23"><span class='ocrx_word' id='word_1_176' title='bbox 138 3426 309 3493; x_wconf 90' lang='lat' dir='ltr'>Casurum</span> <span class='ocrx_word' id='word_1_177' title='bbox 327 3431 421 3494; x_wconf 91' lang='lat' dir='ltr'>nullo</span> <span class='ocrx_word' id='word_1_178' title='bbox 439 3444 592 3516; x_wconf 90' lang='lat' dir='ltr'>tempore</span> <span class='ocrx_word' id='word_1_179' title='bbox 608 3454 733 3496; x_wconf 90' lang='lat' dir='ltr'>nomen</span> <span class='ocrx_word' id='word_1_180' title='bbox 752 3434 888 3497; x_wconf 88' lang='lat' dir='ltr'>habent.</span> 
     </span>
     <span class='ocr_line' id='line_1_29' title="bbox 93 3534 1019 3623; baseline 0.006 -24"><span class='ocrx_word' id='word_1_181' title='bbox 93 3534 284 3599; x_wconf 87' lang='lat' dir='ltr'>Varronem</span> <span class='ocrx_word' id='word_1_182' title='bbox 304 3538 519 3623; x_wconf 88' lang='lat' dir='ltr'>primamque</span> <span class='ocrx_word' id='word_1_183' title='bbox 537 3549 644 3601; x_wconf 90' lang='lat' dir='ltr'>ratem</span> <span class='ocrx_word' id='word_1_184' title='bbox 661 3559 748 3623; x_wconf 88' lang='lat' dir='ltr'>quae</span> <span class='ocrx_word' id='word_1_185' title='bbox 766 3539 896 3603; x_wconf 86' lang='lat' dir='ltr'>nesciet</span> <span class='ocrx_word' id='word_1_186' title='bbox 912 3550 1019 3616; x_wconf 86' lang='lat' dir='ltr'>aetas,</span> 
     </span>
     <span class='ocr_line' id='line_1_30' title="bbox 121 3641 854 3735; baseline 0.003 -29"><span class='ocrx_word' id='word_1_187' title='bbox 121 3641 318 3734; x_wconf 86' lang='lat' dir='ltr'>Aureaque</span> <span class='ocrx_word' id='word_1_188' title='bbox 335 3643 494 3712; x_wconf 89' lang='lat' dir='ltr'>Aesonio</span> <span class='ocrx_word' id='word_1_189' title='bbox 511 3656 613 3735; x_wconf 83' lang='lat' dir='ltr'>terga</span> <span class='ocrx_word' id='word_1_190' title='bbox 631 3645 740 3732; x_wconf 84' lang='lat' dir='ltr'>petita</span> <span class='ocrx_word' id='word_1_191' title='bbox 755 3643 854 3708; x_wconf 71' lang='lat' dir='ltr'>ducit</span> 
     </span>
     <span class='ocr_line' id='line_1_31' title="bbox 55 3745 997 3840; baseline -0.007 -27"><span class='ocrx_word' id='word_1_192' title='bbox 55 3746 232 3820; x_wconf 81' lang='lat' dir='ltr'>Carmina</span> <span class='ocrx_word' id='word_1_193' title='bbox 250 3757 423 3824; x_wconf 75' lang='lat' dir='ltr'>sublimis</span> <span class='ocrx_word' id='word_1_194' title='bbox 442 3769 532 3824; x_wconf 87' lang='lat' dir='ltr'>tunc</span> <span class='ocrx_word' id='word_1_195' title='bbox 551 3767 638 3823; x_wconf 88' lang='lat' dir='ltr'>sunt</span> <span class='ocrx_word' id='word_1_196' title='bbox 656 3752 818 3840; x_wconf 85' lang='lat' dir='ltr'>peritura</span> <span class='ocrx_word' id='word_1_197' title='bbox 829 3745 997 3816; x_wconf 70' lang='lat' dir='ltr'>Lucretii,</span> 
     </span>
     <span class='ocr_line' id='line_1_32' title="bbox 74 3853 808 3934; baseline 0.007 -16"><span class='ocrx_word' id='word_1_198' title='bbox 74 3853 211 3926; x_wconf 71' lang='lat' dir='ltr'>Exitio</span> <span class='ocrx_word' id='word_1_199' title='bbox 229 3874 353 3932; x_wconf 86' lang='lat' dir='ltr'>terras</span> <span class='ocrx_word' id='word_1_200' title='bbox 373 3889 464 3934; x_wconf 90' lang='lat' dir='ltr'>cum</span> <span class='ocrx_word' id='word_1_201' title='bbox 487 3863 597 3934; x_wconf 88' lang='lat' dir='ltr'>dabit</span> <span class='ocrx_word' id='word_1_202' title='bbox 611 3880 693 3929; x_wconf 87' lang='lat' dir='ltr'>una</span> <span class='ocrx_word' id='word_1_203' title='bbox 711 3857 808 3924; x_wconf 82' lang='lat' dir='ltr'>dies·</span> 
     </span>
    </p>
   </div>
   <div class='ocr_carea' id='block_1_7' title="bbox 0 0 1226 4134">
    <p class='ocr_par' dir='ltr' id='par_1_7' title="bbox 0 0 1226 4134">
     <span class='ocr_line' id='line_1_33' title="bbox 0 0 1226 4134; baseline 0 2"><span class='ocrx_word' id='word_1_204' title='bbox 0 0 1226 4134; x_wconf 95' lang='lat' dir='ltr'> </span> 
     </span>
    </p>
   </div>
  </div>
 </body>
</html>
