2444 4134
128 176 192 246 134
440 156 477 224 Τ
470 157 513 223 ke
542 155 578 224 T
571 153 628 222 ale
650 159 698 242 (ψ
717 156 879 223 Galatea.
1036 175 1157 247 [Merra

126 357 228 431 adde,
247 356 339 441 quod
358 355 391 419 in
408 367 521 421 vestro
537 355 672 442 genitor
689 369 787 420 meus¹
803 375 955 442 aequore
972 366 1111 444 regnata

127 464 217 527 hunc
234 461 293 527 tibi
311 463 356 526 do
372 482 542 526 socerum.
592 462 745 526 Tantum
763 461 941 536 miserere,
960 482 1140 549 precesque
1178 504 1183 521 .

126 569 289 655 supplicis
307 567 447 640 exaudi,
463 567 524 632 tibi
539 568 632 632 enim
649 568 906 642 succumbimus
923 567 998 632 uni.

125 677 252 763 quique
264 676 387 763 Jovem
405 685 438 738 et
454 673 589 738 caelum
608 695 733 759 sperno
749 685 782 738 et
798 674 1013 758 penetrabile
1030 675 1157 750 fulmen,

127 782 247 858 Nerei,
265 797 297 848 te
314 803 454 847 vereor:
481 793 539 845 tua
556 781 699 845 sulmine
716 780 851 845 saevior
867 779 918 844 ira
935 792 999 845 est.
1212 810 1215 871 q

173 901 182 930 ⁴
201 890 311 977 Atque
328 912 395 977 ego
412 899 628 971 contemptus
645 907 757 951 essem
775 887 958 972 patientior
975 888 1091 977 hujus,

126 997 153 1061 si
172 997 309 1085 sugeres
325 1017 457 1062 omnes.
507 993 578 1059 Sed
595 1013 657 1058 cur
673 991 830 1079 Cyclope
847 974 989 1078 repulso
1127 1013 1168 1070 360

125 1102 216 1168 Acin
234 1102 353 1168 amas?
377 1102 597 1188 praefersque
616 1099 701 1165 meis
718 1100 937 1185 amplexibus
954 1100 1070 1168 Acin?

126 1210 183 1274 ille
200 1222 314 1274 tamen
333 1211 534 1296 placeatque
551 1208 627 1283 sibi,
648 1208 851 1294 placeatque
869 1207 999 1284 licebit,

125 1318 217 1404 quod
234 1317 372 1392 nollem,
392 1316 551 1392 Galatea,
570 1315 642 1380 tibi.
692 1314 800 1380 Modo
817 1316 917 1401 copia
934 1316 1057 1383 detur!

126 1425 246 1490 sentiet
262 1447 337 1490 esse
355 1425 437 1487 mihi
454 1437 546 1488 tanto
564 1445 626 1509 pro
642 1445 787 1508 corpore
803 1423 913 1489 vires:

125 1533 257 1597 viscera
274 1532 352 1595 viva
367 1533 513 1606 traham,
532 1532 735 1617 divulsaque
753 1533 908 1596 membra
925 1554 987 1618 per
1005 1555 1121 1622 agros,

127 1660 253 1725 perque
269 1652 344 1703 tuas
360 1660 522 1726 spargam
533 1639 637 1704 -sic
653 1660 690 1704 se
707 1639 767 1703 tibi
785 1639 926 1705 misceat
939 1639 1137 1707 l-undas.
1181 1664 1185 1673 ·

124 1767 205 1811 uror
220 1747 325 1820 enim,
344 1747 524 1832 laesusque
541 1757 720 1810 exaestuat
737 1747 849 1811 acrius
864 1747 957 1834 ignis
970 1769 978 1822 ;

125 1874 271 1940 cumque
288 1854 358 1918 suis
375 1853 492 1917 videor
508 1856 707 1918 translatam
724 1854 853 1919 viribus
869 1853 1024 1920 Aetnam

124 1973 261 2047 pectore
278 1960 365 2024 serre
383 1983 479 2025 meo:
505 1981 569 2025 nec
585 1973 635 2036 tu,
653 1960 813 2037 Galatea,
833 1963 1004 2029 moveris!

168 2068 269 2132 Talia
288 2068 494 2154 nequiquam
512 2081 707 2153 questus-
722 2090 805 2133 nam
823 2083 946 2134 cuncta
964 2071 1175 2136 videbam-

124 2175 245 2262 surgit,
264 2187 296 2239 et
313 2186 349 2238 ut
365 2187 479 2238 taurus
497 2196 603 2238 vacca
620 2175 825 2240 furibundus
842 2177 1019 2262 adempta,

125 2296 213 2347 stare
230 2282 358 2368 nequit,
377 2281 530 2367 silvaque
547 2294 580 2346 et
596 2283 685 2347 notis
702 2283 844 2348 saltibus
862 2296 973 2348 errat:

124 2410 201 2453 cum
219 2389 309 2453 serus
326 2389 477 2475 ignaros,
497 2389 762 2476 necquicquam
780 2392 846 2455 tale
863 2391 1035 2467 timentes,

125 2516 179 2559 me
195 2496 287 2560 videt
304 2510 403 2582 atque
422 2494 532 2569 Acin3
560 2495 717 2560 ‘Video’
733 2519 800 2582 que
818 2499 991 2563 exclamat
1009 2511 1019 2539 ⁶
1035 2509 1069 2565 et
1084 2498 1149 2565 ista

123 2602 241 2665 ultima
259 2602 312 2675 sit,
331 2603 468 2677 faciam,
488 2603 622 2667 veneris
640 2605 823 2669 concordia
841 2606 1000 2669 vestrae!
1126 2624 1173 2690 875

122 2721 283 2796 tantaque
299 2732 380 2784 vox,
399 2722 561 2795 quantam
579 2709 733 2796 Cyclops
749 2712 855 2776 iratus
872 2713 1000 2777 habere

123 2816 251 2890 debuit,
270 2816 329 2879 illa
346 2817 418 2879 fuit.
469 2814 631 2882 Clamore
649 2820 841 2902 perhorruit
857 2818 984 2894 Aetne,

123 2934 174 2987 ast
191 2944 256 3009 ego
273 2924 385 2987 vicino
401 2923 579 3008 pavefacta
596 2927 661 2990 sub
678 2948 827 3014 aequore
845 2948 995 3013 mergor.

167 3029 285 3117 Terga
302 3029 406 3116 fugae
423 3030 563 3095 dederat
580 3053 747 3098 conversa
764 3033 987 3121 Symaethius
1004 3034 1119 3108 heros,

122 3148 155 3201 et
172 3136 262 3200 ‘Fer
278 3158 392 3221 opem,
412 3137 571 3212 Galatea,
592 3163 725 3225 precor,
746 3140 850 3204 mibi!
875 3141 959 3205 ferte
977 3139 1161 3224 parentes,’

121 3245 267 3316 dixerat,
288 3255 342 3308 ‘et
359 3247 477 3311 vestris
497 3250 683 3334 periturum
701 3251 864 3315 admittite
880 3249 996 3337 regnis
1011 3247 1038 3311 l’

120 3347 307 3436 insequitur
324 3350 491 3437 Cyclops,
511 3369 710 3443 partemque
727 3379 746 3422 e
765 3369 878 3421 monte
894 3357 1067 3421 revulsam

121 3458 238 3531 mittit;
263 3469 296 3522 et
312 3472 485 3525 extremus
502 3464 659 3548 quamvis
676 3464 831 3548 pervenit
847 3464 891 3527 ad
908 3464 1002 3528 illum

120 3565 268 3649 angulus
284 3566 311 3630 is
332 3569 467 3641 montis,
487 3579 593 3632 totum
610 3581 726 3632 tamen
742 3570 853 3634 obruit
869 3570 973 3634 Acin.

146 3667 200 3734 At
213 3694 290 3752 nos,
311 3676 408 3765 qnod
424 3676 541 3744 solum
558 3675 637 3744 fieri
651 3697 716 3763 per
731 3675 806 3739 lata
816 3675 961 3746 licebat,
1126 3696 1185 3757 sag

73 3773 242 3857 [εἐιὶηιισ,
268 3800 307 3852 ut
325 3789 423 3856 vires
443 3797 652 3856 assumeret
669 3781 761 3850 Acis
778 3779 906 3842 auitas·

48 3887 240 3958 puniceus
260 3899 308 3964 de
328 3902 435 3967 mole
457 3921 571 3968 cruor
592 3891 794 3962 manabat,
814 3894 851 3946 et
863 3881 963 3942 intra.
