2444 4134
62 132 248 210 v11'1.483.]
418 118 489 187 Tae
510 119 625 186 Fata!
642 119 785 186 Brund.
1079 121 1121 202 85

63 318 191 393 luctus,
210 329 245 382 et
261 337 281 382 a
296 317 449 384 lacrimis
466 317 500 382 in
518 338 651 403 poenae
667 338 787 382 versus
805 336 958 381 amorem
975 324 1038 380 est.
1070 347 1123 403 4ςο

109 425 228 509 Stipes
245 436 330 500 erat,
348 447 464 512 quem,
483 445 561 490 cum
579 435 696 510 partus
713 424 815 488 enixa
829 422 960 512 jaceret

64 531 242 605 Thestias,
261 531 296 594 in
312 530 489 595 flammam
506 531 658 616 triplices
675 550 821 615 posuere
838 550 992 603 sorores;

67 638 283 724 staminaque
300 637 468 723 impresso
485 638 601 703 satalia
619 637 743 723 pollice
760 648 881 703 nentes

68 743 289 828 ‘Tempora'
305 745 466 809 dixerunt
483 744 627 809 ‘eadem
644 744 809 829 lignoque
826 744 966 831 tibique,

67 849 100 916 Ο
117 851 220 916 modo
237 863 330 925 nate,
348 851 497 915 damus.'
544 849 626 934 Quo
643 862 823 936 postquam
841 851 993 916 carmine
1009 849 1100 915 dicto

64 969 250 1022 excessere
267 957 368 1032 deae,
386 956 591 1044 flagrantem
608 967 717 1020 mater
733 958 777 1021 ab
794 957 876 1045 igne

69 1063 191 1148 eripuit
206 1075 347 1139 torrem,
366 1064 556 1149 sparsitque
573 1062 780 1148 liquentibus
798 1065 909 1130 undis.

69 1171 124 1234 ille
142 1169 201 1234 diu
218 1169 330 1234 fuerat
347 1169 577 1255 penetralibus
596 1169 730 1234 abditus
746 1170 835 1245 imis,

70 1289 294 1362 servatusque
310 1286 399 1351 tuos,
413 1275 562 1364 juvenis,
581 1290 777 1342 servaverat
793 1298 914 1343 annos.

71 1383 208 1468 protulit
224 1384 318 1447 hunc
334 1381 495 1470 genitrix,
513 1383 700 1469 taedasque
716 1395 750 1448 et
766 1384 937 1471 fragmina
954 1384 1035 1470 poni
1070 1400 1124 1465 460

69 1489 228 1574 imperat,
248 1499 281 1553 et
297 1486 415 1574 positis
430 1488 586 1554 inimicos
603 1490 763 1554 admovet
779 1490 890 1577 ignes.

113 1593 207 1657 Tum
226 1603 349 1657 conata
366 1603 486 1678 quater
502 1591 650 1658 flammis
666 1593 843 1678 imponere
861 1615 1009 1666 ramum,

70 1712 191 1784 coepta
209 1711 330 1786 quater
346 1698 465 1763 tenuit.
514 1697 677 1787 Pugnant
694 1711 869 1786 materque
886 1721 1061 1788 sororque,

71 1819 103 1871 et
118 1808 256 1873 diversa
272 1805 410 1868 trahunt
425 1826 532 1870 unum
550 1806 617 1871 duo
633 1806 772 1871 nomina
789 1816 921 1892 pectus.

71 1934 175 1998 saepe
193 1922 286 1976 metu
303 1911 442 1977 sceleris
459 1913 633 1998 pallebant
649 1933 708 1977 ora
726 1912 849 1987 futuri3
1074 1931 1124 2000 465

71 2041 175 2104 saepe
193 2039 294 2084 suum
311 2019 447 2083 fervens
463 2020 571 2084 oculis
588 2020 691 2084 dabat
707 2018 757 2082 ira
773 2021 945 2084 ruborem.

72 2139 103 2191 et
120 2126 223 2191 modo
241 2125 357 2190 nescio
373 2125 455 2211 quid
472 2125 591 2190 similis
608 2124 746 2190 crudele
764 2126 907 2191 minanti

71 2233 184 2298 vultus
202 2243 286 2306 erat,
306 2232 408 2297 modo
424 2253 526 2318 quem
544 2232 696 2297 misereri
714 2232 854 2297 credere
871 2254 1010 2319 posses3

71 2359 219 2426 cumque
238 2337 328 2403 ferus
344 2338 504 2403 lacrimas
522 2339 626 2402 animi
648 2338 837 2404 siccaverat
853 2341 967 2415 ardor,

70 2447 334 2512 inveniebantur
350 2446 513 2510 lacrimae
529 2458 657 2511 tamen.
706 2446 822 2534 thue
839 2447 969 2523 carina,
1072 2480 1126 2533 470

70 2575 176 2642 quam
193 2564 327 2628 ventus,
344 2563 514 2639 ventoque
530 2553 618 2637 rapit
633 2553 822 2618 contrarius
839 2566 965 2630 aestus,

70 2665 139 2728 vim
158 2661 334 2748 geminam
353 2660 464 2733 sentit,
484 2671 646 2746 paretque
663 2660 792 2723 incerta
809 2660 997 2725 duobus—

71 2770 234 2836 Thestias
251 2768 344 2833 hand
361 2767 457 2831 aliter
473 2767 584 2831 dubiis
602 2765 780 2830 affectibus
797 2778 899 2841 errat,

72 2877 176 2964 inque
193 2876 286 2939 vices
303 2874 409 2960 ponit,
430 2873 642 2959 positamque
659 2873 838 2938 resuscitat
854 2874 951 2938 iram.

118 2981 244 3067 Incipit
260 3003 333 3046 esse
350 2992 465 3044 tamen
483 2981 602 3045 melior
618 2969 786 3067 germana
803 2994 956 3064 parente,
1072 3012 1124 3069 475

72 3102 106 3156 et
122 3087 399 3174 consanguineas
415 3097 452 3150 ut
468 3087 638 3174 sangnine
655 3086 759 3150 leniat
777 3088 928 3161 umbras,

72 3196 247 3282 impietate
265 3195 320 3280 pia
337 3204 408 3258 est:
432 3213 513 3256 nam
532 3205 710 3279 postquam
730 3193 868 3278 pestifer
884 3194 975 3281 ignis

74 3300 261 3375 convaluit,
281 3300 428 3387 ‘Rogus
443 3299 506 3364 iste
523 3312 651 3366 cremet
668 3322 744 3365 mea
762 3301 913 3366 viscera'
929 3301 1034 3374 dixit,

73 3423 178 3497 utque
197 3428 301 3471 manu
316 3407 391 3471 dira
408 3405 541 3497 lignum
559 3405 661 3470 fatale
678 3408 827 3483 tenebat,

75 3529 155 3582 ante
172 3515 381 3599 sepulcrales
397 3511 517 3576 infelix
534 3511 659 3576 adstitit
676 3533 766 3589 aras,
1074 3535 1127 3597 480

76 3619 315 3688 ‘Poenarum’
329 3639 396 3706 que
415 3617 522 3682 ‘deae
539 3619 702 3703 triplices,
720 3618 924 3696 furialibus,’
941 3622 1050 3707 inquit

77 3725 327 3800 {Eumenides
346 3724 453 3790 sacris
470 3725 583 3787 vultus
600 3725 764 3790 advertite
782 3739 922 3791 vestros.

72 3835 230 3902 ulciscor,
246 3831 407 3913 actoque
421 3830 544 3896 nefas:
569 3855 665 3902 mors
684 3848 795 3906 morte
812 3836 947 3928 pianda
962 3851 1029 3951 est.
1126 3835 1129 3841 “
