2444 4134
69 138 109 184 10
230 139 254 182 1.
297 117 367 183 Tae
396 117 559 183 Creation
584 119 658 182 and
678 118 734 182 tlte
756 116 881 182 Flood.
970 135 1112 206 [METAH.
1156 204 1159 247 Ι

65 316 155 380 tilius
172 315 356 380 antediem
374 314 500 400 patrios
516 314 655 402 inquirit
669 314 704 378 in
722 337 843 380 annos.

64 424 153 487 victa
167 422 259 510 jacet
275 423 402 506 pietas3
428 431 461 485 et
476 421 575 508 virgo
592 420 699 485 caede
717 422 908 499 madentes,

65 530 184 594 ultima
201 529 400 603 caelestum,
419 538 526 593 terras
543 525 690 592 Astraea
707 528 854 613 reliquit.

65 659 151 702 neve
169 637 254 701 foret
270 635 367 700 terris
384 636 536 700 securior
552 634 680 699 arduus
698 636 828 711 aether,

65 743 245 809 affectasse
262 742 373 807 serunt
389 763 534 829 regnum
552 742 699 806 caeleste
718 741 902 830 Gigantas,

66 850 202 936 altaque
219 859 400 936 congestos
417 847 581 913 struxisse
598 848 642 912 ad
659 848 771 913 sidera
790 863 933 916 montes.

109 957 202 1021 Tum
218 967 315 1042 pater
331 954 546 1039 omnipotens
563 954 668 1020 misso
686 956 850 1044 perfregit
866 957 1057 1045 Olympum

65 1063 221 1136 fulmine,
239 1073 272 1127 et
289 1062 440 1126 excussit
455 1060 609 1149 subjecto
626 1061 747 1127 Pelion
766 1064 887 1128 Ossae.
1070 1095 1117 1153 155

65 1171 185 1236 obruta
203 1170 292 1234 mole
309 1189 370 1232 sua
387 1189 465 1232 cum
483 1189 626 1253 corpora
644 1170 717 1234 dira
731 1171 897 1258 jacerent,

66 1277 238 1363 perfusam
258 1276 363 1339 multo
379 1286 537 1339 natorum
554 1276 723 1364 sanguine
740 1277 885 1343 Terram

65 1382 275 1448 inmaduisse
291 1382 404 1447 serunt
419 1382 638 1468 calidumque
656 1383 827 1449 animasse
844 1406 1013 1464 cruorem,

65 1502 111 1565 et,
129 1511 172 1554 ne
190 1490 283 1553 nulla
301 1509 383 1554 suae
400 1489 514 1574 stirpis
532 1503 752 1556 monumenta
770 1503 959 1568 manerent,

65 1597 240 1661 infaciem
258 1596 398 1661 vertisse
416 1596 615 1671 hominum;
640 1599 701 1663 sed
718 1612 751 1663 et
766 1599 825 1664 illa
843 1621 999 1688 propago
1070 1616 1117 1674 ιω

65 1702 292 1788 contemptrix
309 1724 470 1788 superum
489 1725 681 1790 saevaeque
698 1705 896 1770 avidissima
914 1707 1030 1774 caedis

66 1824 99 1876 et
114 1810 262 1874 violenta
279 1810 361 1885 fuit3
388 1811 493 1876 scires
510 1832 529 1876 e
547 1812 716 1899 sanguine
733 1824 842 1878 natos.

111 1916 214 2006 Quae
231 1929 328 2003 pater
343 1929 380 1982 ut
396 1939 530 1984 summa
546 1918 630 1983 vidit
645 1919 826 1985 Saturnius
843 1941 936 1997 arce,

65 2025 229 2113 ingemit;
255 2034 299 2099 et,
319 2011 576 2090 sacto'nondum
593 2026 735 2111 vulgata
751 2027 891 2103 recenti,

65 2134 166 2198 foeda
183 2131 385 2220 Lycaoniae
404 2132 555 2196 referens
572 2132 728 2197 convivia
746 2154 899 2209 mensae,

65 2241 223 2329 ingentes
240 2240 355 2305 animo
371 2249 404 2304 et
420 2239 544 2326 dignas
556 2238 642 2324 Jove
659 2239 808 2322 concipit
824 2240 903 2315 iras,

65 2348 317 2433 conciliumque
335 2356 455 2420 vocat;
480 2345 588 2410 tenuit
603 2367 700 2410 mora
716 2347 811 2410 nulla
828 2358 980 2414 vocatos.

66 2465 117 2519 est
132 2455 187 2518 via
205 2453 373 2528 sublimis,
393 2453 490 2518 caelo
508 2453 687 2518 manifesta
705 2475 846 2518 serenos

66 2560 197 2629 Lactea
214 2580 340 2624 nomen
358 2559 472 2634 habet,
495 2560 643 2624 candore
661 2560 818 2624 notabilis
836 2560 922 2646 ipso.

66 2669 132 2733 hac
148 2668 211 2732 iter
227 2678 278 2732 est
293 2666 426 2752 superis
444 2668 487 2732 ad
504 2666 622 2754 magni
639 2676 727 2731 tecta
744 2667 912 2734 Tonantis

67 2776 288 2863 regalemque
305 2774 467 2849 domum3
492 2775 613 2839 dextra
630 2773 797 2860 laevaque
815 2775 956 2840 deorum
991 2850 995 2857 ⁴
1044 2783 1047 2786 ’

66 2882 151 2946 atria
168 2881 332 2945 nobilium
350 2881 459 2945 valvis
476 2881 691 2946 celebrantur
708 2881 844 2964 apertis.

66 2989 163 3074 plebs
181 2987 310 3053 habitat
326 2988 462 3053 diversa
478 2989 583 3062 locis3
609 3009 629 3052 a
646 2987 755 3052 fronte
772 2999 925 3072 potentes

66 3096 253 3161 caelicolae
269 3095 421 3182 clarique
438 3117 517 3160 suos
535 3117 679 3181 posuere
697 3108 850 3180 penates.

66 3203 123 3267 hic
139 3203 235 3267 locus
251 3212 314 3277 est,
332 3223 448 3289 quem,
467 3202 496 3266 si
512 3202 625 3267 verbis
643 3203 787 3267 audacia
806 3203 916 3279 detur,

67 3310 160 3374 haud
175 3309 314 3373 timeam
332 3308 450 3396 magni
468 3308 594 3374 dixisse
612 3309 756 3374 Palatia
774 3309 874 3374 caeli.

111 3415 206 3504 Ergo
222 3414 280 3479 ubi
297 3436 489 3481 marmoreo
505 3415 619 3500 superi
636 3417 755 3481 sedere
772 3439 924 3492 recessu,

67 3522 189 3588 celsior
204 3523 279 3608 ipse
295 3521 371 3586 loco
388 3533 590 3609 sceptroque
607 3522 743 3588 innixus
761 3525 891 3591 eburno

66 3629 252 3695 terrificam.
265 3627 386 3713 capitis
404 3628 576 3693 concussit
591 3639 709 3716 terque
726 3644 914 3720 quaterque

67 3735 269 3810 caesariem,
288 3755 366 3800 cum
383 3755 451 3822 qua
467 3745 605 3809 terram,
625 3756 733 3810 mare,
752 3738 865 3804 sidera
882 3739 999 3806 movit.

53 3842 184 3904 talrbas
196 3842 282 3906 inde
297 3841 412 3908 modis
427 3863 489 3908 ora
505 3840 727 3932 indignantia
743 3844 867 3910 solvit=
