2444 4134
67 128 133 197 126
288 128 444 219 Rivalry
467 132 514 215 of
527 128 626 219 Asiax
649 130 723 197 and
750 128 903 217 Ulysses.
974 144 1102 218 [Maru.

64 328 142 416 quis
158 324 242 394 fuit?
265 340 317 395 est
334 326 468 394 Hector
479 327 625 393 violatus
641 328 784 393 vulnere
800 328 911 392 nullo.

112 448 122 475 ⁴
138 434 199 501 Me
216 436 378 501 miserum
393 433 401 499 l
426 449 554 522 quanto
570 454 678 521 cogor
694 433 892 498 meminisse
910 433 1030 498 dolore
1068 451 1112 503 280

66 543 229 628 temporis
245 543 350 617 illius,
368 564 436 628 quo
452 541 598 607 Graium
616 562 746 615 murus,
765 539 925 605 Achilles

66 648 267 735 procubuit!
294 670 359 715 nec
376 671 430 715 me
448 649 611 714 lacrimae
628 649 781 713 luctusve
798 646 946 712 timorve

66 757 255 827 tardarunt,
273 757 356 843 quin
374 777 498 841 corpus
515 757 620 820 humo
636 755 782 820 sublime
798 754 978 819 referrem.

67 863 121 928 his
138 864 303 938 humeris,
318 863 384 938 llis,
400 863 551 950 inquam,
567 862 717 926 humeris
730 883 798 949 ego
813 881 940 946 corpus
958 860 1116 934 Achillis,

66 982 101 1035 et
115 970 217 1035 simul
235 992 332 1035 arma
349 970 422 1045 tuli,
440 990 530 1057 quae
546 989 639 1034 nunc
654 990 790 1056 quoque
807 968 896 1033 ferre
913 969 1048 1032 laboro.
1071 984 1118 1053 285

113 1076 225 1143 ‘Sunt
242 1077 339 1152 mihi,
356 1097 446 1164 quae
462 1077 600 1141 valeant
615 1075 649 1139 in
666 1075 748 1139 talia
765 1074 933 1159 pondera,
952 1075 1065 1149 vires,

66 1195 118 1249 est
134 1184 268 1248 animus
285 1195 377 1249 certe
392 1195 523 1248 vestros
540 1202 702 1248 sensums
718 1182 878 1247 honores.

67 1291 196 1355 scilicet
212 1291 340 1355 idcirco
357 1312 418 1375 pro
434 1301 540 1377 gnato
557 1289 695 1353 caerula
713 1300 822 1353 mater

66 1397 247 1462 ambitiosa
264 1418 327 1462 suo
344 1396 417 1471 fuit,
436 1408 473 1461 ut
488 1395 650 1461 caelestia
667 1396 770 1471 dona,

67 1504 148 1567 artis
164 1526 251 1588 opus
268 1516 394 1578 tantae,
413 1503 507 1568 rudis
525 1514 558 1568 et
573 1503 647 1568 sine
663 1513 799 1588 pectore
816 1502 915 1568 miles
1071 1535 1123 1590 290

65 1609 244 1675 indueret?
269 1611 489 1697 nequeenim
507 1610 609 1695 clipei
626 1610 819 1675 caelamina
835 1611 935 1686 norit,

67 1714 246 1780 Oceanum
264 1728 298 1782 et
313 1728 434 1791 terras,
453 1738 601 1803 cumque
618 1717 686 1781 alto
703 1717 814 1781 sidera
833 1717 944 1792 caelo,

66 1819 308 1909 Pleiadasque,
351 1822 577 1910 Hyadasque,
619 1822 876 1909 immunemque
915 1824 1078 1910 aequoris

201 1928 347 2004 Arcton,

68 2036 289 2123 diversasque
305 2039 421 2112 urbes,
440 2038 653 2124 nitidumque
670 2036 807 2102 Orionis
823 2059 954 2102 ensem.

68 2144 216 2228 postulat
232 2155 267 2208 ut
284 2144 397 2229 capiat
412 2165 501 2231 quae
517 2166 586 2208 non
604 2144 771 2231 intellegit
786 2165 895 2208 arma.
1071 2176 1122 2232 ²95

115 2261 124 2290 ⁶
141 2249 236 2337 Qud
252 2253 342 2337 quod
361 2273 428 2325 me,
447 2251 522 2315 duri
539 2251 726 2338 fugientem
744 2272 886 2315 munera
902 2249 997 2326 belli,

69 2357 183 2443 arguit
199 2357 358 2441 incoepto
374 2379 488 2422 serum
507 2358 694 2422 accessisse
711 2358 832 2431 labori,

68 2483 134 2527 nec
150 2484 187 2526 se
204 2463 429 2550 magnanimo
446 2464 653 2529 maledicere
671 2464 771 2529 sentit
785 2461 939 2529 Achilli?

68 2568 97 2633 si
114 2569 294 2633 simulasse
311 2591 415 2634 vocas
432 2570 573 2644 crimen,
594 2571 830 2636 simulavimus
847 2572 970 2645 ambo;

69 2672 97 2737 si
115 2693 210 2737 mora
227 2694 289 2757 pro
307 2673 408 2758 culpa
425 2684 489 2746 est,
507 2694 574 2760 ego
592 2696 668 2738 sum
687 2675 849 2738 maturior
865 2675 936 2738 illo.
1070 2706 1123 2759 300

69 2799 124 2841 me
141 2778 197 2863 pia
214 2778 356 2844 detinuit
373 2780 537 2867 conjunx,
556 2780 613 2865 pia
631 2795 739 2845 mater
754 2781 950 2856 Achillem3

69 2884 248 2971 primaque
265 2898 342 2949 sunt
359 2886 425 2950 illis
443 2886 521 2950 data
538 2899 705 2972 tempora,
724 2900 836 2952 cetera
854 2889 964 2952 vobis.

70 2990 164 3055 haud
180 2991 296 3065 timeo,
314 2991 342 3055 si
355 2991 428 3079 jam
446 3014 580 3078 nequeo
594 2993 780 3058 defendere
797 2996 927 3059 crimen

69 3115 148 3160 cum
165 3108 257 3161 tanto
275 3119 457 3163 commune
473 3100 558 3163 viro.
608 3100 808 3184 Deprensus
825 3100 939 3165 Ulixis

69 3203 210 3291 ingenio
226 3216 341 3269 tamen
358 3206 428 3280 ille,
448 3216 481 3269 at
498 3228 566 3270 non
584 3205 702 3293 Ajacis
719 3207 853 3272 Ulixes.
1068 3239 1120 3294 305

116 3310 240 3375 ‘Neve
257 3311 292 3374 in
309 3333 364 3376 me
380 3313 522 3376 stolidae
540 3314 693 3377 convicia
710 3313 853 3378 fundere
870 3313 1011 3400 linguae

70 3416 279 3481 admiremur
296 3438 388 3492 eum,
406 3419 504 3483 vobis
520 3441 655 3505 quoque
672 3421 780 3506 digna
797 3421 927 3505 pudore

69 3522 184 3587 obicit.
233 3522 291 3588 An
308 3524 394 3589 falso
410 3523 780 3600 Palamedencrimine
796 3540 893 3610 turpe

70 3646 252 3693 accusasse
269 3629 365 3704 mihi,
383 3629 480 3693 vobis
496 3630 680 3693 damnasse
697 3630 858 3694 decorum
877 3629 949 3695 est?

69 3733 131 3799 sed
147 3755 259 3822 neque
275 3733 490 3820 Naupliades
506 3734 640 3800 facinus
656 3735 840 3801 defendere
857 3748 988 3800 tantum
1068 3770 1122 3822 310

52 3847 198 3933 tamque
207 3856 340 3934 patens
358 3842 478 3932 valuit,
494 3863 562 3913 nec
576 3864 640 3910 vos
656 3842 800 3908 audistis
813 3842 854 3904 in
866 3842 928 3904 illo
