2444 4134
125 169 189 236 114
444 147 514 214 The
543 147 661 228 Cln'ess
684 157 722 212 at
752 147 788 213 Τ
783 113 870 234 roy.¹
1032 151 1167 233 [Mem
1214 126 1216 169 ἶ

122 357 259 431 totaque
276 343 436 409 Peliacae
453 344 624 408 sternebat
641 343 792 428 cuspidis
809 342 877 407 ictu

123 451 409 537 agminaperque
420 451 512 514 acies
524 462 581 513 aut
589 448 755 536 Cygnum
767 448 986 515 autHectora
994 471 1169 537 quaerens.

167 555 399 643 Congreditur
416 555 564 643 Cygno:
591 555 763 620 decimum
782 555 907 646 dilatus
924 555 959 619 in
978 577 1109 621 annum

123 661 253 727 Hector
269 675 354 726 erat.
402 663 495 727 Tum
512 663 601 727 colla
614 662 701 750 jugo
718 661 901 726 candentia
917 683 1058 747 pressos

122 770 320 833 exhortatus
337 790 456 854 equoS,
475 790 611 833 currum
629 767 754 832 direxit
769 767 805 832 in
823 769 970 844 hostem,

122 875 387 961 concutiensque
403 858 475 940 suis
491 875 659 938 vibrantia
676 875 745 940 tela
761 874 910 949 lacertis,

123 981 315 1068 ‘Quisquis
331 1004 380 1057 es,
397 981 429 1046 Ο
442 981 603 1070 juvenis,’
619 980 704 1046 dixit
722 981 897 1045 ‘solamen
916 982 1043 1046 habeto
1141 999 1172 1051 80

122 1089 252 1165 mortis,
271 1089 314 1154 ab
333 1088 528 1153 Haemonio
544 1088 636 1174 quod
652 1087 699 1152 sis
712 1087 891 1176 jugulatus
907 1085 1076 1154 Achille?

123 1197 288 1260 hactenus
305 1195 498 1260 Aeacides:
522 1216 642 1258 vocem
660 1195 775 1282 gravis
793 1197 890 1260 hasta
907 1208 1027 1260 secuta
1044 1206 1106 1262 est.

122 1303 182 1367 sed
199 1324 408 1389 quamquam
427 1314 518 1366 certa
536 1302 649 1366 nullus
666 1301 728 1365 suit
743 1323 837 1366 error
852 1302 888 1365 in
905 1302 1017 1377 hasta,

121 1410 168 1474 nil
186 1421 300 1473 tamen
318 1409 434 1473 emissi
452 1408 593 1493 profecit
611 1408 768 1472 acumine
786 1408 878 1483 ferri,

121 1526 224 1602 utque
243 1515 353 1581 hebeti
371 1528 489 1600 pectus
505 1516 740 1579 tantummodo
757 1515 909 1581 contudit
926 1515 1005 1581 ictu.
1141 1533 1172 1605 ὃς

169 1621 285 1687 ‘Nate
303 1623 381 1698 dea,
400 1643 479 1686 nam
497 1632 530 1686 te
547 1621 640 1685 sama
656 1622 924 1706 praenovimus,’
942 1622 1053 1709 inquit

121 1729 192 1804 ille,
213 1730 318 1815 ‘quid
337 1749 356 1792 a
373 1728 471 1793 nobis
488 1729 613 1792 vulnus
630 1728 763 1793 miraris
780 1727 924 1794 abesse?
937 1729 945 1756 ’
958 1766 1004 1778 —

122 1836 333 1900 mirabantur
350 1836 441 1899 enim
455 1872 499 1883 -
514 1846 523 1875 ‘
539 1833 621 1900 Non
639 1836 738 1910 haec,
757 1856 861 1922 quam
880 1834 1007 1912 cernis,
1024 1837 1160 1924 equinis

120 1942 215 2006 fulva
230 1941 320 2029 jubis
338 1942 457 2016 cassiS,
476 1963 587 2028 neque
603 1964 691 2006 onus
707 1962 793 2006 cava
810 1964 931 2027 parma
947 1942 1107 2010 sinistrae

121 2048 249 2113 auxilio
267 2048 349 2112 mihi
366 2059 464 2112 sunt:
489 2049 593 2113 decor
610 2060 659 2112 est
675 2049 848 2134 quaesitus
865 2050 909 2113 ab
925 2049 1020 2124 istis;
1140 2086 1174 2142 90

121 2154 220 2219 Mars
235 2176 371 2242 quoque
388 2156 432 2220 ob
450 2156 515 2220 hoc
528 2175 652 2240 capere
669 2176 765 2219 arma
782 2155 877 2220 solet.
924 2155 1175 2225 Removebitur

257 2262 358 2351 hujus
828 2251 829 2256 ἵ

121 2370 281 2457 tegminis
299 2368 471 2435 officium:
496 2381 610 2434 tamen
628 2369 844 2437 indestrictus
860 2371 973 2438 abibo.

119 2490 171 2542 est
188 2479 329 2565 aliquid,
349 2499 417 2542 non
435 2499 511 2542 esse
529 2490 638 2541 satum
656 2477 821 2554 Nereide,
840 2481 902 2545 sed
918 2469 976 2567 qui

120 2583 305 2672 Nereaque
323 2596 355 2648 et
372 2597 469 2649 natas
485 2595 519 2649 et
534 2595 640 2649 totum
658 2595 822 2669 temperet
840 2587 992 2673 aequor!

166 2691 274 2766 Dixit,
294 2703 327 2755 et
344 2692 528 2755 haesurum
546 2690 647 2776 clipei
665 2693 863 2758 curvamine
881 2695 986 2758 telum
1139 2727 1172 2784 95

121 2797 212 2862 misit
230 2798 263 2862 in
280 2797 473 2872 Aeaciden,
491 2798 582 2884 quod
600 2810 632 2862 et
648 2819 707 2862 aes
724 2809 757 2863 et
773 2800 930 2883 proxima
947 2801 1038 2886 rupit

85 2941 88 2949 ·
121 2916 218 2992 terga
236 2926 370 2969 novena
386 2904 505 2978 boum,
520 2904 654 2968 decimo
671 2917 785 2968 tamen
800 2907 881 2970 orbe
895 2919 1065 2973 moratum
1082 2921 1145 2976 est.

122 3011 248 3076 excutit
265 3012 330 3075 hoc
348 3013 460 3085 heros,
480 3032 664 3097 rursusque
682 3013 860 3075 trementia
878 3013 952 3077 sorti

121 3118 188 3181 tela
206 3139 308 3181 manu
325 3118 439 3182 torsit:
465 3139 581 3182 rursus
598 3117 671 3181 sine
688 3119 828 3182 vulnere
846 3140 970 3204 corpus

121 3224 361 3309 sincerumque
378 3224 459 3298 iuit3
484 3245 549 3288 nec
565 3224 660 3288 tertia
679 3225 792 3309 cuspis
810 3239 963 3310 apertum
1124 3260 1173 3302 100

122 3343 206 3396 etse
224 3332 443 3415 praebentem
460 3331 568 3394 valuit
584 3331 796 3418 destringere
814 3330 991 3419 Cygnum.

122 3435 214 3499 haud
231 3456 331 3499 secus
348 3435 488 3508 exarsit,
507 3456 610 3520 quam
628 3435 718 3498 circo
735 3447 851 3499 taurus
868 3450 1000 3521 aperto,

121 3562 199 3605 cum
217 3563 278 3605 sua
295 3540 434 3605 terribili
452 3541 534 3625 petit
551 3541 737 3604 irritamina
754 3561 873 3616 cornu,

97 3648 298 3726 poeniceas
316 3661 441 3725 Vestes,
463 3648 631 3738 elusaque
646 3649 794 3712 vulnera
808 3650 928 3712 sensit.

128 3750 233 3818 Num
251 3768 376 3824 tamen
396 3759 576 3826 exciderit
594 3760 748 3830 serrum,
767 3754 983 3822 considerat,
992 3753 1143 3813 bastaez

52 3849 242 3927 haerebat
257 3866 383 3957 ligno.
443 3883 454 3912 ⁴
473 3870 623 3938 Manus
643 3879 700 3935 est
719 3883 804 3928 mea
823 3855 953 3923 debilis
969 3872 1074 3932 ert&
