2444 4134
66 107 129 172 118
275 105 430 193 Rrbalry
454 108 502 192 os
514 105 613 194 Ajax
635 107 710 172 and
737 106 887 194 Ulyssem
969 123 1105 192 [Merum

61 307 148 373 quas
165 307 231 374 ego
248 285 404 362 sustinui,
422 307 515 373 quas
526 286 592 350 hac
609 306 629 351 a
646 288 757 352 classe
774 286 906 374 fugavi.

60 395 164 459 tutius
181 407 231 459 est
247 394 350 480 igitur
366 395 452 458 fictis
469 395 676 459 contendere
694 394 820 469 verbis,

61 522 164 588 quam
179 522 335 588 pugnare
351 523 467 564 manu.
517 500 588 565 Sed
601 521 666 566 uec
677 500 760 565 mibi
773 501 888 566 dicere
901 512 1107 586 promptum,

61 628 125 672 nec
143 607 256 671 facere
273 619 324 671 est
338 607 413 680 isti;
439 621 672 694 quantumque
689 629 756 695 ego
774 620 881 672 marte
899 607 1007 672 feroci

61 714 164 800 inque
181 714 255 778 acie
272 715 383 788 valeo,
402 726 532 778 tantum
549 714 641 779 valet
657 714 719 779 iste
736 715 919 800 loquendo.

107 819 209 885 ‘Nec
226 822 448 886 memoranda
465 833 580 907 tamen
597 821 694 886 vobis
711 830 789 884 mea'
805 821 906 896 sacta,
927 819 1082 907 Pelasgi,

60 943 136 987 esse
152 944 243 998 reor,
263 924 392 988 vidistis
410 923 522 987 enim:
547 945 609 988 sua
627 935 740 988 narret
757 923 891 998 Ulixes,

59 1050 149 1115 quae
166 1029 240 1096 sine
256 1042 340 1095 teste
357 1030 458 1117 gerit,
476 1051 622 1117 quorum
639 1051 708 1094 nox
726 1032 864 1095 conscia
880 1031 954 1095 sola
971 1040 1036 1095 est.
1083 1059 1109 1113 ις

60 1136 214 1221 praemia
232 1158 360 1223 magna
376 1138 444 1222 peti
463 1137 582 1210 fateor,
600 1137 661 1201 sed
679 1137 784 1202 demit
800 1139 968 1202 honorem

61 1244 238 1307 aemulus:
263 1242 363 1332 Ajaci
380 1264 449 1307 nou
466 1255 516 1308 est
532 1243 682 1308 tenuisse
700 1245 899 1329 superbum,

60 1350 102 1425 sit
118 1350 197 1416 licet
214 1352 279 1415 hoc
296 1352 432 1438 ingens,
451 1349 614 1436 quicquid
631 1351 780 1435 speravit
796 1350 931 1416 Ulixes.

59 1457 122 1522 iste
138 1458 212 1522 tulit
228 1458 374 1543 pretium
386 1456 458 1545 jam
477 1477 568 1520 nunc
585 1456 780 1522 certaminis
798 1457 921 1545 hujus:

59 1585 128 1651 quo
144 1585 222 1628 cum
241 1565 349 1629 victus
366 1563 441 1638 erit,
460 1583 595 1627 mecum
613 1576 762 1629 certasse
778 1564 916 1628 seretur.
1081 1597 1115 1634 20
1153 1587 1154 1590 ’

106 1681 115 1710 ‘
132 1669 246 1757 Atque
263 1692 343 1758 ego,
362 1670 389 1734 si
408 1669 512 1733 virtus
529 1669 563 1732 in
581 1691 635 1734 me
652 1670 847 1735 dubitabilis
863 1681 967 1747 esset,

60 1776 235 1841 nobilitate
252 1789 372 1861 potens
389 1797 514 1850 essem,
532 1775 724 1842 Telamone
741 1788 889 1853 creatus,
1000 1762 1002 1764 l

60 1884 196 1949 moenia
213 1884 270 1970 qui
288 1882 363 1948 sorti
381 1883 533 1971 Trojana
550 1886 614 1948 sub
632 1884 784 1949 Hercule
801 1883 904 1969 cepit,

60 1991 226 2076 litoraque
243 1991 379 2054 intravit
395 1988 575 2077 Pagasaea
593 1989 726 2057 Colcha
743 1991 873 2055 carina.

60 2095 199 2161 Aeacus
217 2097 298 2162 huic
313 2108 410 2182 pater
426 2108 488 2170 est,
507 2097 564 2183 qui
583 2097 661 2184 jura
679 2097 855 2162 silentibus
872 2097 944 2162 illic
1083 2112 1115 2184 25'

60 2204 183 2280 reddit,
202 2204 259 2269 ubi
277 2203 447 2268 Aeoliden
464 2225 585 2267 saxum
603 2225 711 2291 grave
728 2202 905 2290 Sisyphon
922 2215 1061 2290 urguet.

59 2310 203 2377 Aeacon
221 2311 378 2399 agnoseit
395 2332 560 2384 summus,
581 2312 780 2397 prolemque
799 2311 922 2375 fatetur

56 2418 213 2505 Juppiter
230 2439 304 2482 esse
321 2439 432 2482 suam.
482 2417 542 2482 Sic
559 2419 601 2481 ab
613 2417 699 2504 Jove
717 2417 833 2482 tertius
849 2416 955 2504 Ajax.

60 2545 125 2589 nec
141 2537 255 2588 tamen
273 2526 359 2588 haec
376 2523 485 2589 series
502 2523 536 2586 in
554 2544 693 2587 causam
711 2524 829 2609 prosit,
847 2521 988 2599 Achivi,

61 2632 89 2696 si
107 2632 189 2695 mihi
206 2652 284 2696 cum
303 2653 431 2718 magno
447 2653 516 2696 non
533 2641 584 2695 est
600 2631 792 2696 communis
808 2628 958 2696 Achille.
1081 2666 1116 2719 30

60 2740 163 2803 frater
179 2752 272 2805 erat:
297 2740 445 2802 fraterna
463 2751 553 2824 pet0.
605 2735 698 2820 Quid
717 2738 888 2826 sanguine
905 2749 1017 2804 cretus

60 2844 239 2932 Sisyphio,
256 2844 419 2932 furtisque
437 2834 469 2910 et
486 2845 605 2910 sraude
623 2845 816 2910 simillimus
832 2844 897 2923 illi,

60 2953 177 3017 inserit
193 2951 356 3018 Aeacidis
373 2952 505 3016 alienae
524 2953 664 3017 nomina
682 2951 816 3040 gentis?

107 3059 186 3124 ‘An
203 3059 293 3146 quod
311 3059 345 3123 in
363 3080 458 3122 arma
475 3059 578 3144 prior,
597 3061 760 3146 nulloque
777 3060 840 3124 sub
856 3059 971 3126 indice
987 3062 1081 3134 veni,

61 3188 155 3231 arma
173 3165 334 3254 neganda
353 3164 457 3228 mihi?
481 3167 658 3252 potiorque
675 3165 846 3231 videbitur
863 3166 932 3240 ille,
1079 3199 1113 3253 35

59 3274 178 3339 ultima
195 3273 253 3359 qui
270 3272 371 3356 cepit,
390 3271 655 3359 detrectavitque
674 3277 788 3339 surore

60 3381 214 3444 militiam
232 3380 322 3451 ficto,
342 3379 451 3442 donec
468 3378 636 3443 sollertior
651 3379 728 3456 isto,

59 3487 120 3552 sed
137 3486 199 3551 sibi
216 3486 377 3559 inutilior,
395 3485 503 3549 timidi
521 3499 713 3552 commenta
730 3488 851 3554 retexit

59 3593 274 3678 Naupliades
291 3591 410 3666 animi,
428 3592 600 3678 vitataque
616 3596 719 3658 traxit
736 3595 769 3658 in
789 3594 907 3660 arma?

58 3700 186 3784 optima
202 3721 283 3763 num
302 3709 424 3773 sumat,
443 3698 523 3784 quia
539 3721 675 3764 sumere
692 3702 798 3765 noluit
814 3699 908 3766 ulla?
1075 3734 1113 3786 40

51 3829 119 3870 nos
131 3805 328 3871 inhonorati
345 3816 379 3871 et
394 3805 494 3872 donis
511 3807 725 3894 patruelibus
740 3807 830 3881 orbi,
