2444 4134
113 136 159 204 44
387 115 536 181 Perseus
560 121 634 183 arrd
654 118 892 184 Andromeda.
1015 134 1170 208 [Manu

113 313 194 378 huic
210 334 346 399 quoque
364 313 486 378 ‘Vade
509 316 641 399 procul,
660 337 703 380 ne
722 316 824 402 longe
841 316 952 402 gloria
969 337 1100 393 rerum,

113 442 216 507 quam
235 419 410 493 mentiris‚'
427 420 473 484 ait
491 436 499 459 ⁶
514 423 616 508 longe
635 422 693 486 tibi
706 421 864 508 Juppiter
880 422 969 486 absit
980 423 1009 496 ;’
1117 439 1167 508 ⁶50

112 529 250 614 vimque
268 526 369 590 minis
386 527 493 600 addit,
512 529 736 614 manibusque
755 529 927 613 expellere
944 539 1088 614 temptat

113 647 340 708 cunctantem,
358 645 390 697 et
407 632 553 717 placidis
569 635 769 698 miscentem
787 635 884 699 sortia
901 634 1011 701 dictis.

158 741 297 806 Viribus
314 739 594 825 inferior-quis
611 741 702 805 enim
719 761 782 825 par
797 753 888 805 esset
902 739 1034 806 Atlanti

112 847 261 913 viribus?
273 885 317 896 -
330 859 339 887 ⁶
351 846 399 910 At
415 845 577 933 quoniam
595 847 691 931 parvi
709 847 767 910 tibi
786 848 896 933 gratia
913 862 1028 913 nostra
1046 860 1109 922 est,

113 956 231 1040 accipe
249 953 398 1029 munuS‚'
416 954 483 1026 ait;
508 954 676 1039 laevaque
694 975 714 1016 a
732 967 826 1036 parte
844 952 1014 1020 Medusae
1112 973 1162 1042 655

112 1063 185 1147 ipse
203 1075 411 1126 retroversus
428 1059 618 1146 squalentia
636 1060 783 1143 prodidit
799 1081 872 1125 ora.

111 1182 258 1256 quantus
276 1181 359 1243 erat,
377 1189 473 1233 mons
491 1166 601 1231 sactus
612 1164 734 1231 Atlas:
753 1188 833 1231 nam
850 1168 956 1233 barba
973 1189 1162 1255 comaeque

111 1277 145 1340 in
163 1277 266 1341 silvas
284 1277 421 1349 abeunt,
437 1275 524 1362 juga
542 1286 620 1338 sunt
638 1275 839 1360 humerique
857 1296 1071 1362 manusque2

110 1383 200 1469 quod
218 1396 320 1466 caput
337 1394 415 1445 ante
432 1381 506 1454 suit,
525 1403 660 1445 summo
677 1394 728 1445 est
745 1381 777 1444 in
798 1395 910 1446 monte
927 1403 1117 1458 cacumen;

109 1511 187 1554 ossa
204 1489 291 1574 lapis
307 1490 403 1552 fiunt.
452 1487 545 1552 Tum
562 1501 676 1572 partes
694 1499 812 1552 auctus
829 1488 864 1552 in
880 1510 1000 1553 omnes
1109 1507 1162 1562 660

110 1597 215 1660 crevit
230 1596 264 1659 in
281 1596 486 1660 immensum
499 1595 604 1660 -sic
620 1595 655 1659 di
672 1595 833 1659 statuistis
844 1632 888 1644 -
899 1607 932 1659 et
947 1618 1050 1662 omne

109 1723 187 1768 cum
204 1714 251 1768 tot
267 1703 433 1768 sideribus
451 1703 585 1767 caelum
604 1702 768 1788 requievit
783 1703 817 1766 in
836 1703 905 1767 illo.

154 1809 334 1874 Clauserat
352 1808 567 1893 Hippotades
584 1823 723 1873 aeterno
742 1831 879 1874 carcere
896 1822 1029 1887 ventos,

109 1917 365 2002 admonitorque
382 1939 524 2001 operum
543 1919 639 1980 caelo
656 1916 866 1981 clarissimus
883 1918 950 1983 alto

108 2023 248 2088 Lucifer
264 2036 356 2087 ortus
374 2035 457 2088 erat.
508 2021 636 2087 Pennis
654 2023 739 2109 ligat
757 2024 814 2087 ille
831 2024 1013 2109 resumptis
1108 2043 1159 2114 663

108 2145 203 2216 purte
221 2132 263 2195 ah
282 2142 423 2216 utraque
441 2132 559 2215 pedes
579 2131 714 2215 teloque
732 2130 924 2217 accingitur
940 2153 1043 2208 unco,

108 2249 140 2302 et
156 2239 320 2324 liquidum
339 2238 437 2301 motis
454 2237 617 2301 talaribus
635 2242 715 2300 aera
732 2238 842 2302 findit.

107 2346 266 2433 gentibus
282 2344 469 2409 innumeris
487 2344 684 2430 circumque
701 2345 858 2431 infraque
876 2345 1016 2420 relictis,

106 2451 314 2538 Aethiopum
335 2452 478 2536 populos
496 2451 708 2536 Cepheaque
726 2451 892 2536 conspicit
908 2473 1004 2516 arva.

106 2561 177 2625 illic
193 2559 394 2623 immeritam
414 2570 587 2621 maternae
605 2560 755 2642 pendere
774 2559 913 2645 linguae
1105 2578 1159 2645 ⁶70

106 2666 353 2731 Andromedan
371 2685 500 2750 poenas
517 2664 656 2728 immitis
670 2665 820 2751 jusserat
836 2664 1001 2729 Ammon.

152 2771 266 2858 Quam
284 2772 384 2837 simul
403 2770 446 2836 ad
463 2771 567 2836 duras
582 2772 763 2858 religatam
782 2773 944 2836 bracchia
961 2785 1078 2841 cautes

104 2880 187 2944 vidit
202 2878 427 2951 Abantiades,
440 2877 560 2941 -nisi
577 2879 669 2964 quod
687 2879 770 2942 levis
788 2901 872 2943 aura
890 2879 1034 2963 capillos

104 2999 268 3058 mouerat,
288 2999 320 3049 et
336 2985 449 3070 tepido
468 2986 653 3050 manabant
671 2987 800 3050 lumina
818 2986 912 3059 fletu,

104 3115 331 3156 marmoreum
349 3103 441 3156 ratus
458 3104 547 3156 esset
563 3115 705 3176 opus-
716 3094 817 3157 trahit
834 3094 962 3159 inscius
978 3093 1092 3182 ignes,

103 3211 135 3264 et
151 3212 274 3285 stupet,
294 3212 326 3262 et
342 3199 435 3262 visae
454 3212 630 3284 correptus
647 3200 799 3287 imagine
816 3201 958 3275 formae,

102 3328 211 3392 paene
229 3328 309 3371 suas
325 3319 464 3392 quatere
484 3319 534 3372 est
550 3308 673 3371 oblitus
691 3307 724 3371 in
743 3314 823 3372 a'e're
841 3329 985 3393 pennas,

102 3426 137 3478 ut
153 3414 253 3486 stetit,
271 3412 340 3477 ‘0'
357 3413 441 3478 dixit
457 3415 543 3477 ‘non
562 3414 633 3478 istis
650 3414 756 3499 digna
774 3417 916 3490 catenis

101 3521 161 3584 sed
178 3520 300 3606 quibus
318 3521 406 3584 inter
423 3543 459 3585 se
477 3520 591 3604 cupidi
605 3519 796 3606 junguntur
812 3534 979 3598 amantes,

100 3628 212 3712 pande
231 3626 413 3713 requirenti
431 3647 556 3691 nomen
573 3638 750 3712 terraeque
767 3639 942 3715 tuumque,
1097 3647 1153 3704 680

100 3746 132 3798 et
149 3755 209 3798 cur
225 3734 338 3798 vincla
356 3731 483 3820 geras!
529 3731 645 3795 Primo
661 3732 737 3796 silet
753 3733 825 3807 illa,
844 3756 907 3798 nec
924 3736 1026 3800 audet

80 3842 267 3919 appellare
286 3840 395 3904 virum
415 3839 536 3930 virg03
565 3837 794 3928 manibusque
809 3841 995 3910 modestos,
