2444 4134
95 175 138 247 24
296 177 335 223 11.
376 158 446 226 The
468 159 674 227 Adventare
698 160 744 244 os
758 157 950 223 Phattlron.
1000 174 1145 247 [Mam

93 357 251 443 quamvis
266 359 383 423 tardus
401 379 490 434 eras,
510 369 542 422 et
558 369 589 422 te
606 368 664 421 tua
681 358 833 441 plaustra
849 356 1023 420 tenebant.

139 463 187 527 Ut
202 485 284 528 vero
301 486 435 529 summo
452 465 608 549 despexit
625 465 668 527 ab
686 465 822 528 aethere
839 473 947 526 terras

93 570 213 634 infelix
230 570 422 646 Phaethon,
442 571 576 656 penitus
594 571 796 655 penitusque
808 568 976 656 jacentes,

94 677 227 760 palluit,
246 688 278 741 et
294 677 404 742 subito
421 699 535 764 genua
553 677 757 741 intremuere
773 675 905 748 timore,
1099 693 1147 746 180

94 793 239 868 suntque
256 783 364 847 oculis
380 784 541 848 tenebrae
559 805 620 868 per
636 796 766 846 tantum
783 783 901 845 lumen
917 783 1070 847 obortae.

94 901 126 952 et
139 888 211 975 jam
228 890 345 953 mallet
362 911 467 976 equos
484 911 671 977 numquam
687 889 840 975 tetigisse
857 901 1038 972 paternos;

93 995 162 1083 jam
181 1017 348 1082 cognosse
365 1017 476 1082 genus
492 997 598 1083 piget,
618 1008 650 1060 et
667 997 814 1060 valuisse
830 995 1007 1081 rogando:

90 1101 162 1187 jam
180 1101 333 1186 Meropis
351 1103 417 1167 dici
435 1103 589 1188 cupiens,
609 1103 654 1166 ita
671 1103 786 1176 fertur,
806 1113 841 1166 ut
858 1116 934 1166 acta

94 1206 272 1293 praecipiti
297 1209 397 1293 pinus
415 1211 531 1277 borea.
550 1210 604 1275 cui
622 1210 710 1273 victa
728 1209 856 1272 remisit
1097 1228 1144 1296 185

95 1313 189 1377 frena
207 1337 288 1379 suus
306 1328 426 1390 rector,
446 1338 548 1402 quam
567 1317 619 1380 dis
635 1315 787 1401 votisque
805 1316 985 1427 reliquit>

134 1399 235 1506 Quid
253 1404 376 1486 satiat?
401 1396 646 1486 muitumcaeii
664 1418 851 1509 postterga
869 1416 1036 1498 reiictum,

83 1508 172 1591 iante
189 1516 487 1614 ochlostplussest':
514 1530 628 1605 anitno
647 1522 780 1613 metitur
797 1542 990 1616 utrumque.

94 1647 127 1698 et
143 1637 244 1699 modo
261 1658 346 1721 quos
363 1636 411 1699 illi
428 1639 534 1700 satum
552 1638 751 1722 contingere
769 1659 836 1700 non
854 1648 917 1711 est,

93 1742 255 1825 prospicit
271 1763 427 1817 occasus,
447 1743 615 1807 interdum
633 1743 769 1827 respicit
785 1756 888 1807 ortus.
1095 1777 1146 1832 190

26 1878 42 1904 ·
93 1847 243 1934 quidque
261 1861 354 1934 agat,
373 1848 514 1934 ignarus
532 1862 655 1932 stupet,
674 1862 706 1913 et
723 1871 786 1913 nec
804 1850 899 1913 frena
917 1850 1066 1927 remittit,

94 1975 158 2017 nec
176 1955 319 2018 retinere
337 1956 439 2029 valet,
459 1977 522 2018 nec
539 1956 679 2019 nomina
697 1956 789 2020 novit
806 1979 983 2042 equorum.

93 2082 214 2145 sparsa
231 2084 365 2147 quoque
382 2061 416 2125 in
434 2062 528 2126 vario
546 2063 672 2147 passim
694 2064 856 2128 miracula
874 2066 971 2130 caelo

93 2178 334 2253 vastarumque
351 2168 443 2232 videt
459 2169 610 2253 trepidus
627 2169 811 2233 simulacra
829 2170 990 2234 ferarum.

139 2272 200 2337 Est
216 2274 324 2347 locus,
343 2273 378 2336 in
396 2275 553 2361 geminos
571 2275 627 2338 ubi
646 2274 788 2338 brachia
806 2286 973 2338 concavat
989 2295 1091 2340 arcus

93 2379 268 2465 Scorpios,
288 2392 320 2444 et
337 2383 447 2444 cauda
463 2381 631 2467 flexisque
649 2381 817 2466 utrimque
835 2382 970 2445 lacertis

93 2489 235 2576 porrigit
251 2491 286 2553 in
302 2490 448 2573 spatium
467 2490 643 2576 signorum
661 2491 813 2554 membra
830 2491 986 2555 duorum.

93 2596 185 2661 hunc
202 2618 287 2680 puer
302 2608 338 2659 ut
355 2597 443 2683 nigri
462 2597 636 2660 madidum
655 2598 777 2661 sudore
795 2597 918 2661 veneni

93 2703 235 2766 vulnera
253 2714 393 2766 curvata
412 2703 624 2766 minitantem
642 2704 783 2786 cuspide
801 2704 894 2778 vidit,
978 2787 981 2793 Ι

93 2809 215 2874 mentis
232 2809 330 2893 inops
348 2810 462 2896 gelida
480 2809 660 2875 formidine
677 2811 750 2874 lora
767 2811 906 2874 remisit.
1092 2845 1145 2884 200

92 2937 179 3002 quae
197 2928 375 3002 postquam
394 2939 528 2982 summo
544 2916 686 3004 tetigere
699 2917 849 3004 jacentia
865 2930 975 3004 tergm

92 3023 327 3107 exspatiantur
343 3024 433 3107 equi,
453 3025 614 3109 nulloque
632 3024 806 3087 inhibente
824 3047 884 3109 per
901 3046 1003 3089 auras

91 3129 230 3216 ignotae
247 3130 396 3216 regionis
414 3142 506 3204 eunt,
525 3152 661 3216 quaque
678 3130 824 3214 impetus
842 3132 922 3218 egit,

92 3237 158 3301 hac
175 3238 247 3301 sine
265 3239 342 3324 lege
359 3250 480 3311 ruunt;
507 3239 641 3323 altoque
660 3239 722 3302 sub
740 3240 876 3302 aethere
894 3239 972 3302 fixis

91 3342 266 3407 incursant
283 3344 400 3418 stellis,
420 3345 624 3429 rapiuntque
643 3344 795 3433 per-avia
813 3366 962 3408 currum.
1092 3378 1142 3435 ²05

91 3460 124 3514 et
141 3451 242 3514 modo
259 3472 392 3514 summa
410 3463 538 3535 petunt,
559 3452 659 3516 modo
677 3473 737 3535 per
753 3452 885 3516 declive.
901 3451 1043 3538 viasque

92 3558 294 3641 praecipites
313 3557 421 3642 spatio
437 3571 546 3620 terrae
565 3557 721 3641 propiore
739 3559 902 3622 seruntur.

91 3662 298 3749 inferiusque
316 3665 385 3728 suis
403 3664 569 3728 fraternos
586 3684 722 3728 currere
740 3663 842 3729 Luna

91 3770 277 3834 admiratur
293 3792 411 3856 equos,
431 3771 656 3856 ambustaque
673 3771 789 3835 nubila
807 3772 950 3836 sumant.

115 3871 315 3956 Corrrpr'tur
327 3877 484 3944 fiammis
504 3891 539 3942 ut
556 3899 719 3966 quaeque
738 3879 921 3952 attissima‚
936 3880 1054 3954 tetius,
1101 3912 1154 3950 210
