2444 4134
70 139 96 189 1,
120 137 205 207 351]
346 116 382 181 T
374 118 417 181 he
451 117 583 183 Watcrs
607 142 670 183 are
693 121 856 185 recollcd.
1098 144 1135 212 15

70 315 136 379 hic
153 314 215 378 ubi
233 313 424 379 Deucalion
436 337 572 378 -nam
590 327 701 380 cetera
718 328 850 381 texerat
866 340 1048 407 aequor-

71 443 161 486 eum
179 433 335 486 consorte
352 421 413 486 tori
431 443 538 506 parva
555 434 626 486 rate
643 436 760 487 vectus
777 426 945 501 adhaesit,

72 526 275 613 Corycidas
292 529 463 613 nymphas
480 540 514 592 et
530 530 670 592 numina
689 531 811 594 montis
829 533 984 609 adorant,
1085 567 1140 621 32·

72 634 325 720 fatidicamque
342 634 506 709 Themin,
525 656 613 721 quae
629 646 710 699 tunc
726 638 842 700 oracla
860 640 1005 705 tenebat.

75 764 150 806 non
168 741 227 804 illo
244 741 364 805 melior
380 741 561 826 quisquam
580 763 643 805 nec
661 744 828 808 amantior
846 747 945 832 aequi

76 850 132 912 vir
149 850 224 919 suit,
245 860 302 912 aut
317 848 376 912 illa
394 851 595 913 metuentior
612 852 682 913 ulla
699 852 852 915 deorum.

79 985 82 991 ·
120 955 282 1041 Juppiter
297 966 333 1018 ut
350 956 487 1041 liquidis
505 968 665 1042 stagnare
683 959 866 1041 paludibus
881 960 1013 1038 orbem,

77 1074 113 1128 et
129 1083 312 1146 superesse
330 1063 438 1125 virum
457 1065 499 1127 de
516 1073 563 1126 tot
581 1064 681 1127 modo
699 1065 835 1129 milibus
852 1087 971 1144 unum,
1084 1099 1135 1154 325

77 1180 113 1234 et
129 1190 311 1253 superesse
329 1168 420 1232 videt
436 1170 478 1232 de
496 1181 543 1233 tot
560 1171 660 1233 modo
678 1170 814 1234 milibus
831 1193 949 1247 unam,

77 1277 248 1340 innocuos
266 1276 399 1350 amboS,
418 1277 563 1340 cultores
582 1276 731 1340 numinis
748 1278 881 1351 ambos,

78 1383 200 1447 nubila
217 1383 362 1470 disjecit,
381 1382 574 1468 nimbisque
593 1384 751 1468 aquilone
769 1385 907 1449 remotis

79 1501 113 1555 et
129 1491 227 1554 caelo
246 1500 352 1553 terras
368 1489 527 1563 ostendit,
546 1502 579 1553 et
596 1490 734 1552 aethera
751 1491 860 1554 terris.
871 1478 930 1525 χ

79 1617 145 1661 nec
163 1597 267 1660 maris
284 1595 333 1659 ira
352 1608 479 1670 manet,
497 1595 674 1681 positoque
691 1597 875 1681 tricuspide
892 1599 960 1663 telo
1089 1630 1136 1685 33.

80 1704 208 1766 mulcet
226 1725 332 1789 aquas
349 1716 459 1766 rector
475 1703 603 1788 pelagi,
623 1724 795 1789 supraque
812 1704 1019 1787 profundum

79 1822 270 1874 exstantem
290 1823 390 1896 atque
408 1811 568 1872 humeros
586 1809 701 1873 innato
720 1811 847 1900 murice
864 1822 990 1874 tectum

80 1917 277 1981 caeruleum
295 1915 437 1978 Tritona
455 1927 565 1986 vocat,
590 1917 811 2001 conchaeque
829 1918 961 1980 sonanti

79 2024 249 2108 inspirare
263 2022 372 2111 jubet,
390 2022 581 2107 fluctusque
599 2034 630 2085 et
646 2022 832 2086 flumina
808 2046 907 2109 signo

75 2131 148 2219 jam
167 2150 329 2194 revocare
347 2117 502 2241 damX
488 2127 585 2193 Cava
601 2130 727 2192 bucina
745 2129 888 2192 sumitur
904 2130 951 2193 illi
1082 2161 1132 2216 335

65 2238 73 2271 ‘
79 2249 143 2303 tor
131 2236 265 2312 tilis,lin
283 2228 412 2305 lalum¹
406 2252 500 2321 quae
498 2210 659 2299 turbine
656 2236 784 2300 'crescit
800 2206 868 2345 ab
860 2258 943 2309 imo,
959 2271 1003 2284 -

79 2344 223 2420 bucina‚··
238 2365 327 2430 quae
346 2336 463 2415 medlo¹
476 2364 515 2406 co
544 2355 633 2426 cepit
650 2329 705 2462 ”li
724 2334 814 2406 aera?
809 2353 903 2426 pont
904 2365 938 2417 o,

78 2452 183 2553 litora
194 2471 279 2515 voce
297 2434 418 2536 repletl
422 2450 485 2512 sub
502 2336 774 2543 aloquejt
675 2451 774 2513 ace'nt
776 2448 980 2568 ἱᾳ)Ρὴοεὶ)ο

55 2570 60 2595 ²
78 2570 161 2623 tunc
177 2578 327 2644 quoque,
345 2568 382 2620 ut
397 2546 468 2621 ord
466 2557 529 2619 dei
547 2556 685 2620 niadida
700 2556 851 2620 rorantia
869 2556 976 2621 barba

5 2660 18 2708 ἕ
80 2665 235 2752 contigit,
255 2676 287 2727 et
304 2663 426 2727 cecinit
439 2663 554 2750 jussos
571 2662 687 2726 inflata
705 2675 876 2746 receptus,
1083 2693 1135 2747 34·

80 2771 239 2836 omnibus
257 2770 370 2834 audita
388 2782 439 2833 est
454 2769 584 2833 telluris
602 2781 633 2831 et
650 2769 807 2854 aequoris
824 2769 925 2834 undis

80 2889 113 2942 et
129 2878 253 2964 quibus
270 2889 320 2940 est
337 2876 436 2939 undis
455 2875 582 2948 audita,
603 2876 753 2940 coercuit
768 2880 950 2975 omnessv'

80 2983 222 3047 flumina
241 2983 432 3051 subsidunt,
453 2983 625 3067 collesque
644 2981 737 3046 exire
754 2982 931 3045 videntur:

77 3091 148 3179 jam
167 3111 262 3152 mare
279 3089 358 3153 litus
376 3089 498 3161 habet3
525 3089 644 3172 plenos
661 3087 752 3172 capit
769 3089 885 3153 alveus
903 3110 1042 3163 amnes;

81 3197 190 3284 surgit
208 3197 353 3269 humus3
379 3205 536 3259 crescunt
552 3196 628 3258 loca
646 3196 921 3260 decrescentibus
940 3197 1060 3270 undis3
1081 3227 1131 3282 345

82 3315 224 3390 postque
242 3303 334 3366 diem
352 3303 491 3388 longam
509 3302 636 3364 nudata
654 3302 833 3365 cacumina
852 3302 958 3366 silvae

81 3411 276 3484 ostendunt,
296 3409 482 3494 limumque
500 3420 615 3471 tenent
631 3409 666 3470 in
684 3409 802 3472 fronde
820 3408 986 3472 relictum.

126 3517 299 3581 Redditus
315 3516 406 3580 orbis
423 3526 515 3578 erat:
541 3536 642 3600 quem
661 3526 840 3600 postquam
857 3513 941 3577 vidit
957 3514 1095 3578 inanem

84 3634 115 3686 et
130 3624 302 3688 desolatas
320 3642 425 3708 agere
443 3622 510 3684 alta
528 3620 661 3684 silentia
678 3633 798 3694 terras,

84 3729 275 3794 Deucalion
294 3728 443 3792 lacrimis
460 3728 505 3791 ita
523 3727 693 3812 Pyrrham
712 3726 835 3790 affatur
851 3727 998 3791 obortise
1083 3758 1135 3813 33.

86 3835 260 3906 ‘Osoror5
280 3857 301 3898 o
317 3835 479 3916 conjunx,
499 3856 520 3899 ο
539 3834 761 3919 semina-sola
778 3845 970 3926 superstes,
