2444 4134
120 115 164 182 30
315 115 354 162 11.
395 95 466 162 The
489 93 694 162 Adventare
717 100 763 180 of
778 94 970 161 Pha'e'thon.
1026 111 1175 183 [Mennis.

120 296 239 370 credit,
259 306 294 359 ut
310 294 433 382 injuste
451 295 544 359 missi
564 316 694 358 memor
710 294 801 381 ignis
819 295 861 358 ab
879 294 958 358 illo:

120 415 242 489 stagna
260 403 342 487 petit
360 402 560 488 patulosque
578 403 686 475 lacus,
707 402 892 487 ignemque
910 423 1067 485 perosuS,

119 530 207 594 quae
224 511 325 583 colat,
345 508 449 594 elegit
466 509 634 572 contraria
651 507 793 569 flumina
808 506 968 570 flammis.
1121 527 1171 592 380

165 615 351 701 Squalidus
369 615 498 678 interea
516 615 650 700 genitor
666 613 902 687 Phaethontis,
922 628 954 677 et
970 636 1096 699 expers

118 723 191 807 ipse
209 723 259 785 sui
278 722 423 796 decoris
442 722 553 806 qualis
571 743 647 784 cum
667 721 780 784 delicit
797 721 913 784 orbem

118 851 192 893 esse
210 831 308 902 solet,
326 829 506 914 lucemque
523 828 593 891 odit
610 849 714 911 seque
731 827 803 911 ipse
822 828 994 912 diemque,

118 937 242 1020 datque
261 936 413 996 animum
430 934 463 995 in
482 934 604 1008 luctus,
624 920 656 997 et
673 934 818 996 luctibus
836 933 938 996 adicit
954 933 1054 1010 iram,

58 1048 68 1066 ‘
117 1041 334 1126 officiumque
352 1053 455 1127 negat
473 1041 613 1103 mundo.
666 1039 798 1103 ‘Satis'
815 1040 923 1125 inquit
939 1041 1002 1104 ‘ab
1020 1041 1097 1106 aevi
1119 1058 1166 1126 385

118 1170 190 1212 sors
209 1169 283 1210 mea
302 1148 477 1231 principiis
496 1147 556 1209 l'uit
574 1147 775 1232 inrequieta,
796 1147 957 1233 pigetque

118 1269 269 1319 actorum
288 1255 361 1317 sine
379 1255 446 1317 fine
465 1254 560 1328 milii,
580 1255 652 1317 sine
671 1255 799 1316 honore
818 1255 984 1317 laborum.

117 1362 257 1448 quilibet
275 1362 358 1424 alter
376 1374 457 1446 agat
475 1374 645 1444 portantes
664 1361 793 1423 lumina
811 1381 951 1423 currus:

117 1471 144 1533 si
163 1491 264 1532 nemo
282 1482 344 1542 est,
363 1490 550 1553 omnesque
568 1468 622 1530 dei
640 1489 708 1531 non
727 1489 825 1550 posse
844 1467 1002 1542 fatentur,

117 1577 189 1660 ipse
208 1588 308 1661 agat3
335 1587 371 1637 ut
388 1576 521 1648 saltem,
540 1574 620 1636 dum
640 1585 772 1636 nostras
789 1584 930 1657 temptat
948 1575 1115 1651 habenas,

116 1683 274 1746 orbatura
293 1696 405 1766 patres
424 1681 607 1767 aliquando
625 1681 767 1743 fulmina
786 1695 900 1764 ponat.

115 1803 185 1853 tum
204 1789 299 1861 sciet,
318 1788 518 1875 ignipedum
538 1789 625 1852 vires
644 1802 803 1871 expertus
821 1809 998 1872 equorum,

116 1919 183 1961 non
203 1899 366 1960 meruisse
384 1917 517 1968 necem,
536 1896 593 1980 qui
613 1918 679 1959 non
697 1897 784 1958 bene
802 1896 926 1958 rexerit
943 1893 1043 1960 illos)

160 2003 262 2067 Talia
280 2004 447 2066 dicentem
467 2004 686 2067 circumstant
702 2002 817 2066 omnia
837 2001 953 2066 Solem

116 2108 269 2183 numina,
289 2130 375 2171 neve
394 2108 472 2170 velit
491 2109 647 2170 tenebras
666 2107 828 2170 inducere
847 2107 960 2181 rebus
1115 2139 1165 2197 395

115 2216 269 2301 supplice
287 2238 371 2280 voce
389 2228 532 2302 rogant;
559 2214 679 2278 missos
698 2236 833 2300 quoque
846 2214 1003 2299 Juppiter
1019 2214 1119 2302 ignes

114 2337 267 2397 excusat,
287 2325 513 2410 precibusque
532 2325 641 2388 minas
659 2323 819 2410 regaliter
836 2323 939 2387 addit.

114 2432 244 2519 colligit
261 2444 413 2496 amentes
430 2446 462 2496 et
479 2433 593 2496 adhuc
610 2445 736 2496 terrore
755 2445 918 2515 paventes

114 2538 274 2604 Phoebus
293 2562 410 2625 equos
431 2540 633 2625 stimuloque
651 2540 795 2603 domans
812 2552 845 2603 et
862 2540 1002 2604 verbere
1020 2541 1152 2606 caedit:

113 2647 221 2712 saevit
237 2647 341 2719 enim,
360 2659 545 2732 natumque
563 2646 709 2732 objectat
726 2659 759 2709 et
775 2647 917 2731 imputat
934 2647 1012 2711 illis.
1111 2680 1164 2730 400
