2444 4134
63 128 91 184 1.
115 129 204 201 415.]
370 102 568 174 Deucalion
594 108 669 170 and
688 98 844 192 Pyrrha.

63 313 203 396 detque
222 306 285 371 sibi
303 305 452 379 veniam,
472 305 598 389 pavido
615 317 714 390 rogat
729 325 800 379 ore,
821 316 989 391 pavetque

65 420 218 483 laedere
232 414 366 502 jactatis
385 424 557 475 maternas
574 411 708 475 ossibus
725 413 876 475 umbras.

66 527 210 590 interea
227 532 383 606 repetunt
401 518 514 586 caecis
528 519 674 582 obscura
692 518 829 582 latebris

67 633 185 697 verba
202 631 301 695 datae
318 627 416 692 sortis
433 647 564 700 secum,
583 624 670 688 inter
686 646 791 710 seque
807 625 971 690 volutant.

69 740 160 804 inde
176 735 434 802 Promethiades
452 732 597 816 placidis
615 730 833 814 Epimethida
851 731 949 796 dictis
1082 763 1134 817 390

74 846 220 919 mulcet,
238 855 271 908 et
288 841 381 906 ‘Aut
396 838 522 904 fallax’
540 838 586 902 ait
604 848 612 877 ⁶
629 850 679 902 est
696 838 844 902 sollertia
862 838 973 913 nobis,

74 964 137 1016 aut
156 951 212 1036 pia
229 961 318 1024 sunt,
337 948 537 1032 nullumque
556 944 654 1034 nefas
672 945 811 1009 oracula
828 945 985 1009 suadent.

75 1076 210 1142 magna
228 1075 352 1139 parens
368 1052 477 1115 Terra
495 1061 566 1113 est:
593 1047 726 1132 lapides
743 1048 777 1111 in
795 1069 936 1132 corpore
954 1060 1065 1115 terrae

76 1183 158 1228 ossa
175 1182 251 1226 reor
267 1160 355 1224 dici:
376 1159 492 1246 jacere
511 1159 572 1221 hos
589 1169 665 1241 post
682 1168 780 1243 terga
792 1155 977 1243 jubemur.’

123 1268 293 1356 Conjugis
310 1265 455 1353 augurio
472 1285 681 1350 quamquam
699 1262 838 1326 Titania
856 1275 946 1327 mota
963 1274 1025 1338 est,
1081 1295 1131 1351 395

77 1397 159 1462 spes
174 1388 290 1440 tamen
306 1375 341 1437 in
358 1373 461 1437 dubio
478 1383 548 1446 est;
576 1371 662 1435 adeo
681 1370 886 1435 caelestibus
903 1371 1004 1435 ambo

78 1483 237 1547 diffidunt
252 1480 387 1545 monitis
400 1501 408 1540 t
421 1515 466 1526 -
479 1479 540 1543 sed
556 1479 639 1564 quid
657 1488 822 1562 temptare
840 1475 997 1541 nocebit?

77 1589 304 1661 descendunt,
323 1588 504 1673 velantque
523 1597 638 1670 caput,
658 1585 858 1671 tunicasque
876 1585 1070 1672 recingunt,

78 1708 111 1762 et
124 1697 238 1784 jussos
254 1695 386 1779 lapides
404 1714 466 1757 sua
484 1704 558 1777 post
573 1692 719 1781 vestigia
736 1692 881 1756 mittunt.
927 1734 941 1757 ,-

78 1824 164 1869 saxa
177 1840 221 1850 —
234 1803 309 1889 quis
328 1803 392 1865 hoc
409 1802 537 1874 credat,
557 1799 620 1863 nisi
638 1799 681 1863 sit
696 1821 757 1884 pro
774 1810 858 1863 teste
875 1794 1103 1864 vetustas?-

78 1931 205 1996 ponere
222 1908 379 1974 duritiem
398 1927 541 1991 coepere
559 1928 727 1993 suumque
746 1907 909 1994 rigorem,

78 2016 271 2103 mollirique
289 2035 396 2087 mora,
417 2015 614 2099 mollitaque
631 2014 758 2079 ducere
774 2014 934 2079 formam.

78 2146 173 2197 mox,
191 2120 250 2186 ubi
267 2131 459 2194 creverunt,
479 2126 670 2213 naturaque
686 2120 798 2185 mitior
815 2121 881 2186 illis

78 2229 233 2317 contigit,
252 2239 288 2292 ut
303 2228 489 2314 quaedam,
508 2227 558 2291 sic
575 2248 644 2291 non
661 2227 854 2303 manifesta,
874 2227 981 2292 videri

77 2337 189 2403 forma
205 2347 315 2420 potest
331 2333 493 2408 hominis,
510 2334 571 2413 sed
590 2333 637 2397 uti
654 2335 697 2399 de
712 2356 884 2400 marmore
903 2344 1037 2420 coept0‚
1079 2365 1131 2420 405

77 2463 147 2506 non
164 2450 286 2504 exacta
303 2438 398 2513 satis,
417 2438 626 2524 rudibusque
643 2460 671 2503 s1
761 2460 816 2503 ma
833 2439 955 2535 segnis.

77 2569 168 2636 quae
183 2558 298 2612 tamen
316 2567 360 2609 ex
375 2545 442 2609 illis
460 2545 574 2631 aliquo
591 2439 861 2655 pafflda
847 2548 930 2669 sirco

77 2665 112 2721 et
126 2665 261 2718 terrena
278 2652 353 2726 suit,
371 2670 470 2716 versa
487 2663 538 2716 est
553 2652 588 2716 in
605 2652 758 2739 corporis
774 2676 895 2718 usum.

78 2763 169 2849 quod
186 2738 402 2827 solidumlest
416 2759 575 2847 flectique
592 2761 721 2848 n'equit,
740 2773 889 2827 mutatur
905 2759 938 2825 iri
956 2783 1056 2836 ossa;

77 2889 167 2989 quae
184 2868 287 2933 modo
301 2886 391 2931 vena
409 2866 481 2941 surr,
499 2866 563 2933 sub
580 2869 701 2932 eodem
718 2869 855 2934 nomine
873 2868 1018 2942 mansit3
1080 2899 1132 2951 410

279 2972 308 3053 “,
343 2966 422 3059 :³0
437 2996 639 3060 superorum
657 2975 796 3039 numine
814 2997 899 3040 saxa

78 3082 198 3149 missa
199 3080 273 3145 viri·
253 3064 440 3147 ”munibus
455 3081 579 3145 faciem
598 3093 732 3146 traxere
749 3082 912 3158 virorum,

78 3200 112 3252 et
127 3188 170 3251 de
186 3186 336 3253 femineo
347 3199 511 3274 reparata
528 3200 579 3253 est
595 3187 723 3252 semina
736 3188 844 3276 jactu.

78 3293 159 3359 inde
175 3314 288 3381 genus
303 3294 427 3361 durum
444 3316 563 3361 sumus
580 3295 829 3382 experiensque
846 3297 1015 3372 laborum,

78 3410 113 3465 et
127 3400 335 3479 documenta
350 3384 488 3479 damus,
504 3422 574 3491 qua
589 3401 698 3467 simus
712 3401 848 3490 origine
865 3401 945 3466 nati.
1079 3434 1129 3490 415
