2444 4134
96 160 256 236 X11.13o]
441 147 559 214 Deatk
583 150 631 234 os
649 148 802 237 Cygnus.
1085 163 1147 232 τις

95 363 251 429 quasque
264 343 273 371 ’
290 343 337 408 ait
355 355 458 409 ‘ante
474 344 593 410 habuit
607 345 711 422 vires,
729 344 850 410 effudit
864 343 900 407 in
916 338 1008 408 uno?

95 469 175 511 nam
192 459 286 513 certe
302 450 408 526 valui,
426 451 482 514 vel
500 472 578 516 cum
595 451 766 538 Lyrnesia
784 452 914 536 primus

95 552 233 615 moenia
249 552 373 639 dejeci,
392 555 447 619 vel
464 574 541 618 curn
558 555 796 641 Tenedonque
813 574 944 640 suoque

95 656 281 724 E'e'tioneas
298 661 438 745 implevi
454 661 623 748 sanguine
639 661 803 735 Thebas;
1100 695 1150 735 110

93 765 149 827 vel
167 784 248 827 cum
265 787 458 850 purpureus
475 767 630 852 populari
647 767 753 832 caede
771 761 912 852 Ca'ycus

93 869 205 946 fluxit,
225 893 380 959 opusque
397 895 496 938 meae
511 874 564 939 bis
580 873 687 938 sensit
702 873 881 958 Telephus
899 876 1027 942 hastae.
1056 926 1057 931 η

95 977 151 1041 hic
167 1000 306 1065 quoque
322 990 370 1043 tot
386 980 509 1054 caesis,
527 1001 672 1066 quorum
690 1000 750 1064 per
767 979 845 1047 litus
863 1002 1003 1048 acervos

94 1095 127 1149 et
143 1085 225 1161 feci,
244 1097 278 1150 et
293 1085 406 1162 video,
424 1086 532 1151 valuit
547 1107 625 1150 mea
641 1085 761 1150 dextra
778 1088 959 1174 valetque.’

139 1190 250 1266 Dixit,
268 1203 313 1267 et,
333 1204 411 1258 ante
428 1193 513 1258 actis
529 1193 631 1257 veluti
650 1193 740 1257 male
758 1194 922 1269 crederet,
943 1198 1075 1262 hastam
1099 1227 1146 1280 115

94 1298 187 1364 misit
203 1299 239 1363 in
256 1299 438 1384 adversum
456 1299 568 1387 Lycia
584 1299 627 1364 de
645 1301 745 1384 plebe
762 1300 961 1378 Menoeten,

94 1406 308 1493 loricamque
324 1406 426 1472 simul
443 1408 664 1495 subjectaque
682 1420 820 1492 pectora
837 1409 939 1495 rupit.

93 1535 163 1600 quo
179 1514 368 1600 plangente
385 1534 528 1602 gravem
548 1514 750 1579 moribundo
767 1515 892 1580 vertice
908 1528 1047 1594 terram,

94 1621 246 1685 extrahit
261 1620 346 1685 illud
362 1621 453 1686 idem
471 1621 584 1686 calido
600 1622 643 1687 de
660 1622 802 1687 vulnere
818 1623 936 1696 telum,

94 1741 197 1814 atque
216 1726 284 1792 ait:
303 1739 312 1768 ‘
329 1727 430 1792 Haec
446 1749 569 1793 manus
585 1739 648 1803 est,
667 1729 766 1805 haec,
785 1750 853 1815 qua
871 1730 972 1795 modo
988 1730 1145 1807 vicimus,

234 1837 353 1910 hasta3
1101 1869 1150 1907 120

93 1955 172 2008 utar
189 1942 226 2007 in
242 1943 309 2008 hoc
325 1942 455 2008 isdem:
480 1942 523 2008 sit
538 1942 574 2007 in
595 1945 662 2008 hoc
678 1965 799 2028 precor
816 1943 926 2009 exitus
943 1942 1060 2008 idem.'

94 2051 146 2117 sic
163 2051 266 2125 satur,
285 2051 518 2140 Cygnumque
535 2051 637 2136 petit;
662 2073 728 2116 nec
744 2051 899 2115 fraxinus
916 2062 1019 2126 errat,

94 2159 201 2245 inque
218 2160 361 2223 humero
378 2159 490 2223 sonuit
506 2181 575 2222 non
592 2157 716 2222 evitata
733 2157 891 2223 sinistro:

94 2267 177 2331 inde
194 2267 290 2331 velut
305 2288 403 2331 muro
419 2265 597 2351 solidaque
614 2286 634 2329 a
651 2277 750 2328 caute
767 2264 904 2350 repulsa
922 2274 984 2329 est.

93 2395 164 2462 qua
181 2386 298 2437 tamen
313 2373 400 2437 ictus
417 2383 503 2446 erat,
522 2372 694 2459 signatum
712 2371 882 2459 sanguine
899 2369 1065 2458 Cygnum
1100 2402 1147 2456 123

93 2483 243 2557 viderat,
262 2492 294 2546 et
310 2481 434 2545 frustra
449 2480 561 2544 suerat
576 2478 717 2566 gavisus
734 2476 902 2542 Achilles.

93 2590 224 2655 vulnus
240 2599 313 2653 erat
328 2589 482 2652 nullum:
508 2584 651 2672 sanguis
668 2597 741 2649 erat
757 2584 814 2648 ille
833 2583 1030 2649 Menoetae.

141 2696 237 2761 Tum
253 2718 334 2760 vero
351 2715 518 2780 praeceps
535 2714 637 2757 curru
653 2692 898 2756 fremebundus
915 2692 958 2756 ab
975 2692 1043 2756 alto

95 2804 223 2880 desilit,
241 2816 274 2869 et
290 2804 397 2868 nitido
413 2823 572 2868 securum
590 2800 746 2864 cominus
764 2799 897 2863 hostem

95 2935 181 2980 ense
198 2923 330 2998 petens,
349 2932 503 2996 parmam
522 2907 638 2994 gladio
656 2906 863 2994 galeamque
880 2905 995 2970 cavari
1101 2938 1150 2991 130

96 3021 219 3095 cernit,
239 3031 272 3085 at
288 3020 322 3083 in
339 3020 424 3083 duro
441 3017 531 3082 laedi
548 3036 683 3103 quoque
701 3034 844 3096 corpore
860 3013 1000 3077 serrum.

95 3128 193 3194 haud
208 3128 284 3192 tulit
299 3126 452 3201 ulterius,
472 3124 651 3210 clipeoque
670 3121 815 3185 adversa
833 3131 959 3185 retecto

95 3251 147 3301 ter
164 3249 286 3323 quater
300 3256 360 3300 ora
377 3233 439 3297 viri
456 3243 489 3297 et
505 3233 629 3316 capulo
647 3252 733 3295 cava
750 3241 902 3313 tempora
920 3228 1053 3312 pulsat3

97 3343 303 3429 cedentique
319 3362 466 3427 sequens
482 3339 596 3413 instat,
615 3339 809 3424 turbatque,
829 3336 976 3420 ruitque,

96 3452 308 3538 attonitoque
325 3459 430 3536 negat
445 3446 611 3533 requiem.
660 3445 773 3511 Pavor
788 3456 934 3529 occupat
951 3441 1068 3506 illum:
1103 3472 1149 3527 135

97 3573 179 3627 ante
195 3559 381 3642 oculosque
398 3564 516 3618 natant
532 3554 707 3627 tenebrae,
726 3564 881 3638 retroque
898 3550 1019 3616 serenti

93 3687 237 3730 aversos
245 3684 372 3743 passus
387 3662 502 3724 medio
517 3661 609 3746 lapis
625 3661 757 3732 obstitit
774 3685 872 3732 arvo.

74 3783 181 3843 quem
195 3783 303 3840 super
314 3763 506 3844 impulsum
524 3772 700 3858 resupino
720 3789 871 3867 pectore
888 3777 947 3872 Cy
954 3797 1073 3872 gnum

59 3859 96 3918 vi
106 3859 215 3919 multa
235 3864 344 3936 vertit,
365 3877 559 3962 terraeque
580 3884 734 3959 adflixit
754 3890 948 3964 Achilles,
