2444 4134
57 151 122 220 144
283 126 355 195 Tae
388 125 533 194 Wr'sdom
557 129 606 212 of
618 124 725 213 Kr'ng
743 123 880 194 Numa.
969 144 1098 218 [Mersa.

56 340 115 394 aut
131 329 308 393 hominum
327 339 429 401 certe,
449 338 520 391 tuta
536 327 612 391 esse
629 337 663 390 et
678 327 821 391 honesta
838 328 1008 404 sinamus,

56 458 142 500 neve
158 435 344 522 Thyesteis
362 435 577 499 cumulemus
595 433 727 498 viscera
745 433 886 499 mensis.

103 555 111 583 ⁶
129 541 245 629 Qum
263 542 353 606 male
371 541 575 617 consuescit,
595 562 698 627 quam
716 562 752 605 se
769 551 867 625 parat
882 541 941 606 ille
959 542 1068 607 cruori

55 650 181 735 impius
199 651 362 723 humano,
380 648 475 712 vituli
493 647 551 734 qui
568 660 705 735 guttura
722 646 811 711 ferro

55 758 193 841 rumpit,
213 768 247 822 et
260 758 407 821 inmotas
424 756 566 840 praebet
583 754 768 841 mugitibus
787 752 909 818 aures!
1057 771 1102 839 465

55 876 113 927 aut
129 864 187 949 qui
205 864 340 950 vagitus
358 862 488 926 similes
505 860 693 947 puerilibus
711 861 859 924 haedum

55 971 211 1034 edentem
225 971 388 1057 jugulare
406 980 527 1054 potest,
547 981 605 1031 aut
622 969 700 1031 alite
718 968 824 1042 vesci,

56 1077 110 1141 cui
127 1077 220 1141 dedit
237 1078 310 1161 ipse
329 1075 444 1140 cibosl
494 1074 671 1159 Quintum
690 1087 753 1148 est,
772 1075 864 1161 quod
881 1075 971 1142 desit
987 1076 1023 1142 in
1037 1075 1103 1142 istis

55 1185 99 1248 ad
116 1184 256 1267 plenum
274 1182 429 1247 lacinus?
453 1204 520 1269 quo
538 1183 698 1264 transitus
716 1183 794 1246 inde
812 1183 976 1268 paratur?

55 1292 116 1354 bos
134 1303 217 1365 aret,
237 1304 294 1354 aut
312 1302 452 1354 mortem
471 1290 662 1354 senioribus
679 1289 821 1374 imputet
837 1291 960 1365 annis3
1056 1322 1104 1375 470

55 1397 256 1462 horriferum
276 1409 393 1463 contra
410 1395 547 1461 Borean
565 1396 638 1466 ovis
656 1417 751 1460 arma
768 1397 956 1470 ministret;

54 1506 160 1568 ubera
178 1506 259 1569 dent
275 1517 410 1568 saturae
428 1504 586 1567 manibus
604 1504 793 1587 pressanda
811 1505 983 1589 capellae.

55 1613 233 1676 retiacum
251 1611 394 1696 pedicis,
413 1611 568 1696 laqueoS,
589 1623 744 1696 artesque
762 1609 900 1675 dolosas

54 1719 179 1791 tollite3
206 1740 270 1782 nec
287 1719 460 1783 volucrem
478 1718 608 1782 viscata
625 1717 730 1782 sallire
749 1717 868 1804 virga3

55 1848 119 1891 nec
137 1826 324 1890 formidatis
342 1847 462 1890 cervos
480 1825 609 1890 illudite
628 1825 770 1910 pennis3
1058 1856 1108 1913 473

55 1955 118 1998 nec
136 1934 243 1997 celate
262 1934 346 1997 cibis
364 1954 470 1997 uncos
488 1933 668 1997 fallacibus
685 1934 819 1998 hamos.

55 2041 184 2128 perdite
217 2041 314 2126 siqua
346 2052 483 2114 nocent,
518 2062 636 2105 verum
673 2041 760 2105 haec
799 2062 936 2127 quoque
978 2040 1110 2125 perdite

189 2159 341 2211 tantum:

55 2277 114 2320 ora
130 2268 254 2318 vacent
269 2255 393 2338 epulis,
412 2255 642 2341 alimentaque
662 2255 753 2319 mitia
772 2256 941 2338 carpant.'

99 2363 243 2426 Talibus
261 2375 360 2447 atque
379 2362 454 2426 aliis
472 2363 633 2426 instructo
651 2375 786 2446 pectore
803 2362 902 2426 dictis

54 2469 89 2533 in
107 2471 251 2554 patriam
269 2490 440 2533 remeasse
458 2468 582 2543 serunt,
601 2470 760 2554 ultroque
774 2469 916 2553 petitum
1057 2486 1111 2551 480

55 2578 229 2661 accepisse
248 2576 401 2640 Numam
419 2576 536 2660 populi
555 2576 704 2639 Latiaris
722 2578 897 2640 habenas:

55 2683 202 2770 conjuge
219 2685 276 2769 qui
295 2683 376 2746 felix
393 2685 547 2768 nympha
565 2684 777 2768 ducibusque
794 2682 960 2748 Camenis

55 2791 227 2855 sacrificos
245 2791 359 2854 docuit
376 2791 471 2864 ritus,
491 2804 699 2875 gentemque
718 2789 820 2854 feroci

55 2910 225 2961 assuetam
243 2898 334 2962 bello
352 2898 447 2982 pacis
464 2898 614 2961 traduxit
632 2898 675 2962 ad
693 2910 795 2961 artes.

55 3005 111 3091 qui
130 3017 308 3090 postquam
326 3005 439 3069 senior
456 3025 670 3091 regnumque
688 3025 878 3090 aevumque
896 3005 1043 3091 peregit,

56 3112 257 3175 exstinctum
276 3111 465 3196 Latiaeque
483 3133 588 3175 nurus
606 3111 818 3195 populusque
836 3110 1025 3196 Patresque

56 3219 225 3285 deflevere
243 3218 408 3282 Numam.
