2444 4134
80 150 144 219 152
352 132 424 201 The
445 133 653 223 Apotheosis
675 139 722 218 os
743 135 874 203 Caesar.
992 82 1117 227 [unia
1167 88 1170 171 ἓ

76 331 240 418 temporis
259 343 404 396 aetatem
421 324 710 419 venturorumque
727 345 892 418 nepotum
1079 353 1118 419 833

78 438 303 526 prospiciens,
324 440 454 522 prolem
473 450 592 504 sancta
609 440 652 504 de
669 440 816 528 conjuge
833 453 954 507 natam

77 547 166 613 ferre
182 545 283 612 simul
303 566 498 631 nomenque
515 568 615 610 suurn
632 567 801 633 curasque
813 547 970 635 jubebit:

77 676 154 728 nec,
173 652 237 719 nisi
256 673 334 717 cum
352 651 467 717 senior
488 648 608 738 Pylios
630 653 828 739 aequaverit
844 674 970 731 annos,

76 761 246 826 aetherias
263 760 363 825 sedes
381 768 599 845 cognataque
615 759 729 824 sidera
745 770 877 846 tanget.
896 829 899 834 ,

77 869 168 932 hanc
185 868 334 932 animam
353 867 482 930 interea
501 885 602 930 caeso
619 865 821 950 decorpore
839 880 976 951 raptam
1082 885 1124 948 840

76 975 131 1039 sac
144 973 258 1062 jubar,
278 986 314 1039 ut
330 994 465 1058 semper
483 970 655 1056 Capitolia
672 983 789 1036 nostra
804 972 988 1059 forumque

76 1082 176 1147 divus
193 1083 236 1146 ab
254 1081 391 1146 excelsa
411 1089 603 1166 prospectet
615 1078 728 1163 Julius
745 1079 856 1144 aede!

121 1187 192 1253 Vix
210 1210 251 1252 ea
267 1188 356 1253 fatus
373 1200 457 1262 erat,
478 1186 591 1251 media
608 1206 686 1249 cum
704 1185 786 1250 sede
803 1199 944 1252 senatus

76 1295 223 1359 constitit
241 1296 332 1358 alma
347 1293 480 1368 Venus,
500 1291 585 1356 nulli
604 1293 790 1366 cernenda,
810 1292 931 1379 suique

77 1400 237 1466 Caesaris
255 1402 376 1486 eripuit
394 1399 568 1473 membris,
588 1397 705 1463 necin
722 1403 802 1462 aera
819 1399 905 1464 solvi
1083 1419 1128 1486 845

76 1529 178 1592 passa
196 1520 367 1572 recentem
386 1507 535 1570 animam
555 1495 758 1570 caelestibus
774 1505 887 1569 intulit
904 1508 1018 1574 astris.

77 1615 227 1701 dumque
245 1616 328 1689 tulit,
348 1615 462 1678 lumen
481 1634 605 1698 capere
623 1623 722 1698 atque
742 1611 922 1698 ignescere
939 1615 1062 1690 sensit,

77 1722 253 1808 emisitque
270 1721 358 1785 sinu.
409 1720 511 1785 Luna
531 1721 623 1785 volat
639 1718 739 1782 altius
756 1718 829 1793 illa,

75 1826 384 1914 flammiferumque
403 1829 541 1892 trahens
559 1827 708 1912 spatioso
726 1825 833 1890 limite
851 1828 983 1892 crinem

77 1934 172 1999 stella
191 1935 303 2008 micat,
323 1935 460 2020 natique
479 1935 598 1998 videns
616 1932 795 1998 benefacta
814 1931 938 1997 fatetur
1083 1955 1133 2020 85⁰

76 2062 150 2105 esse
168 2041 236 2105 suis
255 2042 396 2128 majora,
416 2052 449 2104 et
465 2041 554 2104 vinci
574 2041 701 2127 gaudet
718 2040 762 2102 ab
779 2038 847 2103 illo.

76 2148 131 2212 hic
148 2170 209 2212 sua
227 2148 389 2232 praeferri
410 2168 619 2234 quamquam
636 2159 726 2211 vetat
743 2158 819 2210 acta
837 2147 1004 2231 paternis,

74 2255 181 2318 libera
199 2255 290 2317 fama
309 2267 422 2318 tamen
442 2255 610 2340 nullisque
628 2253 776 2318 obnoxia
790 2253 896 2339 jussis

74 2361 214 2425 invitum
233 2362 392 2447 praefert,
412 2383 547 2447 unaque
566 2361 599 2423 in
618 2374 712 2445 parte
731 2373 913 2447 repugnat.

74 2469 123 2532 sic
141 2469 257 2554 magni
275 2469 364 2532 cedit
381 2468 484 2533 titulis
503 2466 778 2554 Agamemnonis
795 2466 944 2544 Atreus3
1081 2490 1131 2559 855

73 2574 196 2660 Aegea
213 2576 263 2639 sic
279 2575 451 2647 Theseus,
471 2575 520 2638 sic
538 2572 642 2637 Pelea
658 2574 763 2638 vincit
781 2574 949 2642 Achilles.

74 2682 233 2767 denique,
253 2695 289 2746 ut
306 2682 473 2767 exemplis
492 2682 583 2766 ipsos
603 2685 829 2770 aequantibus
846 2698 935 2762 utar,

74 2789 123 2852 sic
139 2800 171 2852 et
187 2787 356 2852 Saturnus
376 2789 484 2852 minor
501 2802 553 2853 est
564 2789 663 2874 Jove.
709 2792 867 2877 Juppiter
884 2815 982 2859 arces

72 2906 238 2979 temperat
255 2896 424 2960 aetherias
445 2907 477 2959 et
494 2897 611 2959 mundi
629 2919 737 2984 regna
755 2900 937 2972 triformis3

72 3013 162 3066 terra
178 3004 241 3066 sub
258 3001 436 3089 Augusto:
463 3018 558 3089 pater
576 3020 625 3070 est
642 3019 675 3071 et
695 3021 805 3073 rector
820 3020 972 3094 uterque.
1078 3026 1129 3079 860

118 3110 176 3185 Di,
195 3132 327 3194 precor,
347 3109 489 3177 Aeneae
509 3115 663 3189 comites,
683 3117 805 3201 quibus
822 3116 913 3181 ensis
930 3126 963 3180 et
979 3115 1072 3202 ignis

72 3229 259 3292 cesserunt,
279 3219 380 3305 dique
400 3221 589 3310 Indigetes
609 3224 810 3309 genitorque
829 3221 975 3306 Quirine

72 3323 190 3398 Urbis,
209 3338 241 3390 et
257 3326 372 3392 invicti
392 3332 526 3419 genitor
543 3330 694 3395 Gradive
715 3329 865 3414 Qirini,

70 3431 245 3522 Vestaque
264 3435 457 3504 Caesareos
475 3439 562 3502 inter
581 3450 715 3520 sacrata
732 3448 886 3521 penates,

72 3552 197 3606 etcum
216 3543 391 3611 Caesarea
410 3557 459 3619 tu,
479 3543 619 3609 Phoebe
637 3543 835 3617 domestice,
853 3541 976 3619 Vesta,
1075 3560 1126 3627 865

72 3650 196 3738 quique
213 3665 309 3718 tenes
329 3653 416 3718 altus
433 3651 603 3735 Tarpeias
616 3649 773 3736 Juppiter
791 3670 901 3723 arces

70 3779 224 3847 quosque
245 3761 329 3824 alios
347 3759 413 3823 vati
432 3759 483 3822 sas
501 3758 676 3843 appellare
694 3757 856 3841 piumque
873 3765 944 3819 est:

51 3866 152 3930 tarda
171 3867 218 3934 sit
231 3869 291 3934 illa
311 3867 388 3936 dies
406 3879 440 3935 et
457 3878 577 3936 nostro
596 3862 704 3932 serior
725 3883 829 3934 aeuo,
