2444 4134
90 117 177 191 xlll.
194 134 271 207 ιη]
439 113 554 204 Repty
577 119 626 203 of
645 116 794 204 Ulysscs.
1081 134 1142 182 121

89 335 152 379 nec
168 315 317 400 clipeus,
335 315 421 381 vasti
438 315 590 380 caelatus
607 314 760 401 imagine
776 313 910 388 mundi,
1096 345 1146 385 110

88 421 272 485 conveniet
288 422 428 487 timidae
445 432 619 506 nataeque,
632 423 675 486 ad
692 421 780 485 furta
797 421 967 485 sinistrae.

89 529 346 592 debilitaturum
364 529 447 614 quid
463 540 495 591 te
513 528 611 612 petis,
630 528 798 612 improbe,
819 525 966 592 munus?

88 636 181 721 quod
198 636 258 699 tibi
276 632 304 699 si
321 635 440 720 populi
457 634 635 700 donaverit
651 655 745 698 error
762 632 902 708 Achivi,

91 763 151 805 cur
168 742 329 825 spolieris
345 743 419 816 erit,
438 763 508 805 non
525 762 586 804 cur
603 740 764 804 metuaris
782 739 825 803 ab
845 741 962 805 hoste:

89 860 122 913 et
138 848 239 935 suga,
257 869 326 934 qua
342 847 416 913 sola
432 861 586 920 cunctos,
605 846 834 920 timidissime,
853 848 973 924 vincis,
1096 877 1144 933 1¹5

89 956 189 1020 tarda
207 955 320 1019 sutura
336 954 397 1019 tibi
414 967 464 1019 est
480 953 673 1040 gestamina
691 964 784 1017 tanta
802 955 962 1019 trahenti.

136 1061 266 1126 ‘Adde
283 1061 375 1147 quod
391 1060 453 1125 iste
470 1073 560 1132 tuus,
579 1071 648 1122 tam
665 1079 743 1123 raro
761 1061 890 1144 proelia
907 1083 1042 1146 passus,

88 1170 227 1257 integer
242 1180 294 1233 est
310 1167 462 1252 clipeus:
487 1178 615 1240 nostin,
633 1154 693 1251 qui
709 1167 778 1230 tela
793 1167 935 1233 serendo

90 1277 185 1340 mille
203 1286 295 1360 patet
311 1274 436 1361 plagis,
456 1295 565 1337 novus
583 1285 634 1337 est
650 1294 829 1338 successor
846 1275 1037 1339 habendus.

91 1383 255 1468 denique,
273 1381 355 1468 quid
372 1380 485 1445 verbis
501 1401 588 1464 opus
605 1378 677 1444 est?
724 1379 929 1464 Spectemur
945 1378 1103 1469 agendol

92 1511 190 1555 arma
207 1488 272 1553 viri
288 1488 383 1553 fortis
400 1487 532 1552 medios
549 1486 724 1552 mittantur
740 1487 775 1551 in
793 1488 928 1552 hostes:

90 1599 172 1663 inde
186 1596 303 1684 jubete
320 1595 402 1681 peti,
421 1607 454 1659 et
470 1597 673 1661 referentem
691 1607 810 1659 ornate
827 1595 967 1660 relatis)

137 1704 294 1770 Finierat
308 1703 500 1767 Telamone
517 1714 623 1776 satus,
643 1701 806 1788 vulgique
825 1714 979 1766 secutum

91 1813 214 1877 ultima
232 1831 385 1874 murmur
401 1820 494 1882 erat;
518 1809 630 1873 donec
646 1807 805 1873 Laertius
823 1810 924 1873 heros

93 1919 211 1992 astitit,
230 1929 332 2003 atque
347 1917 466 1981 oculos
482 1917 624 2001 paulurn
641 1916 761 1979 tellure
780 1928 927 1981 moratos
1100 1943 1148 1999 125

93 2026 231 2092 sustulit
247 2024 292 2088 ad
308 2044 481 2109 proceres,
498 2033 747 2107 expectatoque
764 2023 902 2087 resolvit

93 2155 155 2199 ora
173 2152 280 2205 sono;
304 2151 416 2216 neque
433 2130 530 2193 abest
546 2128 703 2193 facundis
719 2129 830 2216 gratia
848 2129 958 2195 dictis.

143 2251 152 2280 ‘
169 2238 208 2304 si
226 2258 303 2302 mea
320 2257 398 2302 cum
415 2237 536 2301 vestris
552 2234 740 2300 valuissent
756 2248 848 2310 vota,
868 2236 1035 2324 Pelasgi,

94 2370 166 2414 non
183 2347 270 2412 soret
286 2346 470 2432 ambiguus
486 2343 570 2408 tanti
586 2345 783 2408 certaminis
800 2345 912 2419 heres,

94 2468 203 2541 tuque
219 2454 285 2518 tuis
302 2453 418 2526 armis,
436 2463 548 2516 noste
566 2466 772 2536 poteremur,
791 2448 942 2516 Achille.
1103 2480 1151 2533 13⁰

96 2582 203 2649 quem
219 2560 381 2646 quoniam
399 2580 467 2623 non
486 2579 596 2643 aequa
614 2557 697 2620 mihi
714 2557 879 2643 vobisque
896 2567 1067 2645 negarunt

97 2667 195 2742 sata,’
212 2687 384 2751 manuque
401 2665 502 2730 simul
520 2665 623 2728 veluti
641 2663 856 2728 lacrimantia
871 2665 964 2729 tersit

98 2774 232 2841 lumina
252 2773 351 2859 ‘quis
370 2793 500 2858 magno
519 2771 640 2835 melius
657 2771 819 2835 succedat
836 2770 978 2845 Achilli,

99 2902 205 2969 quam
224 2901 285 2965 per
300 2899 403 2966 quem
421 2900 570 2965 magnus
587 2877 721 2942 Danais
739 2879 902 2942 successit
918 2874 1096 2942 Achilles?

101 2990 184 3053 huic
200 2987 302 3051 modo
319 3007 363 3051 ne
380 2986 498 3070 prosit,
517 2986 622 3071 quod,
638 2985 685 3049 uti
704 2994 767 3058 est,
787 2985 892 3049 hebes
908 3005 983 3049 esse
1000 2984 1152 3048 videtur:

101 3114 192 3160 neve
205 3091 287 3156 mihi
300 3106 434 3168 noceat,
453 3093 544 3178 quod
562 3092 657 3157 vobis
674 3113 824 3175 semper,
842 3089 980 3165 Achivi,

101 3202 230 3289 profuit
246 3201 444 3287 ingenium3
470 3220 615 3285 meaque
633 3201 720 3263 haec
737 3197 911 3270 facundia,
932 3197 1029 3282 siqua
1045 3207 1109 3271 est,

102 3327 194 3394 quae
212 3326 303 3370 nunc
321 3326 383 3389 pro
399 3304 550 3377 domino,
570 3325 631 3388 pro
648 3304 744 3368 vobis
761 3325 865 3388 saepe
885 3303 995 3365 locuta
1013 3312 1076 3376 est,

102 3412 234 3479 invidia
252 3424 388 3481 careat3
411 3411 502 3475 bona
519 3431 583 3474 nec
600 3431 662 3474 sua
679 3411 822 3496 quisque
841 3419 987 3474 recuset.

153 3518 269 3584 ‘Nam
288 3540 399 3605 genus
415 3529 448 3581 et
465 3538 610 3601 proavos
627 3529 660 3580 et
675 3538 763 3602 quae
780 3540 849 3582 non
867 3518 1011 3582 fecimus
1029 3514 1107 3600 ipsi,

103 3627 165 3691 vix
183 3646 224 3690 ea
240 3636 352 3688 nostra
370 3644 465 3686 voco.
515 3621 586 3688 Sed
604 3623 710 3700 enirn,
729 3624 811 3715 quia
825 3625 955 3692 rettulit
974 3623 1066 3714 Aiax

92 3727 278 3835 essejovis
288 3746 478 3808 pronepos,
499 3732 609 3797 nostri
627 3757 774 3828 quoque
793 3737 988 3832 sanguinis
1007 3747 1130 3804 auctor

60 3823 232 3920 Jupprrer
243 3835 304 3897 ⁶³²¹
324 3829 545 3943 totidemque
563 3848 713 3930 gradus
732 3852 920 3923 distamus
940 3853 990 3920 ah
1003 3851 1088 3919 illo.
