2444 4134
56 148 116 207 162
430 141 580 208 Skorter
602 139 737 205 Poems.
917 151 1086 224 [Heaomes

428 581 476 648 II.
526 581 733 648 Henomes.

108 776 178 828 Tite
190 773 327 830 Heroides
341 776 372 846 (“
384 776 525 828 Heroines
533 773 563 844 ”)
578 789 625 827 are
638 789 655 827 a
668 775 755 826 series
765 772 798 827 os
806 773 893 829 about
902 785 1007 847 twenty
1015 775 1099 830 letters

55 860 211 915 addressed
230 862 299 915 from
313 863 424 915 various
444 861 574 932 mythical
593 860 648 914 and
668 860 818 933 legendary
830 861 1100 932 persons,-chiefly

56 945 124 1000 from
138 949 231 1019 lonely
244 950 327 1002 wives
348 949 403 1002 and
425 948 555 1001 forsaken
576 947 668 1001 brides
690 957 718 1001 to
738 949 869 1003 husband
882 967 915 1002 or
928 951 1011 1004 lover.
1047 949 1100 1003 The

56 1035 181 1103 example
195 1035 260 1088 here
272 1037 354 1105 given
367 1035 393 1087 is
407 1035 454 1087 the
467 1035 527 1087 first
541 1034 597 1087 and
610 1035 731 1105 perhaps
744 1035 809 1090 best
820 1035 854 1090 os
868 1036 916 1091 the
929 1037 1028 1091 series.

379 1228 552 1315 Penelope
575 1238 609 1293 to
641 1230 789 1316 Ulysses.

57 1407 245 1553 HANC
260 1421 317 1474 tua
335 1409 509 1494 Penelope
526 1411 617 1476 lento
633 1412 692 1476 tibi
710 1413 819 1489 mittit,
838 1413 966 1479 Ulixes

187 1517 247 1580 Nil
266 1516 347 1579 mihi
365 1517 546 1592 rescribas,
567 1532 600 1582 at
616 1531 730 1583 tamen
748 1519 820 1604 ipse
836 1520 929 1584 veni.

56 1623 162 1711 Troja
175 1623 267 1712 jacet
284 1635 386 1697 certe,
408 1622 539 1690 Danais
556 1625 665 1690 invisa
683 1627 826 1710 puellis;

100 1731 171 1795 Vix
188 1731 346 1795 Priamus
363 1730 446 1795 tanti
463 1742 599 1818 totaque
615 1733 721 1818 Troja
738 1733 811 1797 fuit.

57 1837 235 1904 Outinam
252 1850 338 1914 tum,
358 1859 436 1902 cum
453 1838 720 1903 Lacedaemona
737 1842 847 1905 classe
864 1842 1017 1926 petebat,
1094 1869 1108 1926 ς

103 1945 254 2010 Obrutus
270 1946 400 2009 insanis
418 1957 507 2010 esset
524 1947 655 2009 adulter
672 1945 791 2032 aquisl

56 2053 137 2118 Non
155 2075 222 2141 ego
239 2054 372 2116 deserto
387 2051 572 2140 jacuissem
592 2052 715 2139 frigida
734 2054 833 2129 lect0‚

102 2160 182 2226 Non
199 2181 361 2246 quererer
377 2160 492 2223 tardos
509 2159 557 2223 ire
574 2161 689 2223 relicta
707 2160 800 2234 dies;

56 2268 134 2333 Nec
153 2267 234 2331 mihi
250 2267 427 2352 quaerenti
445 2266 628 2352 spatiosam
647 2267 765 2332 fallere
783 2280 917 2332 noctem

101 2375 283 2440 Lassasset
300 2374 421 2438 viduas
439 2374 589 2459 pendula
606 2374 673 2437 tela
692 2395 826 2439 manus.
1081 2409 1113 2448 10

58 2480 208 2568 Qando
226 2505 292 2570 ego
310 2504 377 2546 non
395 2481 490 2545 timui
509 2483 667 2568 graviora
685 2483 837 2565 pericula
852 2480 966 2547 veris?

102 2590 175 2655 Res
193 2603 242 2654 est
259 2590 392 2653 solliciti
412 2591 513 2673 plena
530 2588 659 2652 timoris
678 2610 784 2653 amor.

56 2697 95 2762 In
113 2710 145 2761 te
163 2698 335 2784 fingebam
355 2697 521 2759 violentos
538 2694 649 2759 Troas
666 2696 791 2768 itur0s3

101 2803 251 2869 Nomine
269 2806 301 2867 in
323 2805 493 2867 Hectoreo
512 2802 638 2886 pallida
658 2823 793 2886 semper
809 2823 916 2866 eram.

56 2911 138 2977 Sive
155 2913 230 2998 quis
247 2911 468 2975 Antilochum
488 2912 650 2973 narrabat
666 2910 710 2973 ab
729 2909 876 2974 Hectore
894 2909 1036 2987 victum,
1080 2939 1110 2997 ις

100 3017 306 3084 Antilochus
323 3021 426 3084 nostri
445 3040 549 3084 causa
566 3017 696 3081 timoris
715 3029 806 3091 erat3

56 3125 151 3200 Sive,
171 3126 413 3192 Menoetiaden
431 3127 525 3191 salsis
545 3126 709 3190 cecidisse
728 3125 791 3188 sub
809 3123 925 3200 armis,

101 3234 244 3298 Flebam
263 3256 423 3299 successu
442 3256 541 3320 posse
559 3255 676 3298 carere
696 3233 811 3304 dolos3

56 3340 236 3428 Sanguine
252 3341 475 3425 Tlepolemus
493 3339 639 3425 Lyciam
659 3341 865 3426 tepefecerat
883 3340 1032 3417 hastam,

101 3447 296 3532 Tlepolemi
313 3448 379 3510 leto
396 3467 478 3509 cura
496 3458 619 3509 novata
639 3468 715 3510 mea
732 3459 803 3520 est3
1077 3478 1111 3516 20

58 3553 228 3639 Denique,
247 3554 400 3639 quisquis
417 3545 488 3616 erat
504 3551 623 3616 castris
637 3553 816 3639 jugulatus
834 3552 979 3618 Achivis

101 3660 274 3747 Frigidius
291 3660 403 3746 glacie
422 3670 539 3743 pectus
557 3660 702 3723 amantis
719 3672 802 3723 erat.

55 3766 125 3833 Sed
144 3769 231 3832 bene
248 3767 418 3832 consuluit
434 3778 526 3832 casto
544 3767 628 3829 deus
646 3786 776 3851 aequus
794 3766 922 3831 amorit

87 3871 196 3942 Versa
216 3877 319 3943 estin
339 3877 479 3944 cineres
498 3875 630 3964 sospite
644 3872 758 3961 Troia
771 3871 863 3935 uiro.
