<?xml version="1.0" encoding="UTF-8"?>
<!DOCTYPE html PUBLIC "-//W3C//DTD XHTML 1.0 Transitional//EN"
    "http://www.w3.org/TR/xhtml1/DTD/xhtml1-transitional.dtd">
<html xmlns="http://www.w3.org/1999/xhtml" xml:lang="en" lang="en">
 <head>
  <title>
</title>
<meta http-equiv="Content-Type" content="text/html;charset=utf-8" />
  <meta name='ocr-system' content='tesseract 3.04.00' />
  <meta name='ocr-capabilities' content='ocr_page ocr_carea ocr_par ocr_line ocrx_word'/>
</head>
<body>
  <div class='ocr_page' id='page_1' title='image "./publiovidinason00allegoog/publiovidinason00allegoog_0028.png"; bbox 0 0 2444 4134; ppageno 0'>
   <div class='ocr_carea' id='block_1_1' title="bbox 55 144 817 236">
    <p class='ocr_par' dir='ltr' id='par_1_1' title="bbox 55 144 817 236">
     <span class='ocr_line' id='line_1_1' title="bbox 55 144 817 236; baseline -0.013 -17"><span class='ocrx_word' id='word_1_1' title='bbox 55 166 79 219; x_wconf 94' lang='lat'>1.</span> <span class='ocrx_word' id='word_1_2' title='bbox 100 165 179 236; x_wconf 58' lang='lat'>215]</span> <span class='ocrx_word' id='word_1_3' title='bbox 377 144 448 210; x_wconf 75' lang='lat' dir='ltr'>The</span> <span class='ocrx_word' id='word_1_4' title='bbox 477 145 577 210; x_wconf 82' lang='lat' dir='ltr'>Guilt</span> <span class='ocrx_word' id='word_1_5' title='bbox 600 148 646 228; x_wconf 79' lang='lat' dir='ltr'>os</span> <span class='ocrx_word' id='word_1_6' title='bbox 661 145 817 232; x_wconf 83' lang='lat' dir='ltr'><em>Lycaon.</em></span> 
     </span>
    </p>
   </div>
   <div class='ocr_carea' id='block_1_2' title="bbox 50 341 1141 3959">
    <p class='ocr_par' dir='ltr' id='par_1_2' title="bbox 51 341 1113 2135">
     <span class='ocr_line' id='line_1_2' title="bbox 102 341 981 430; baseline -0.002 -22"><span class='ocrx_word' id='word_1_7' title='bbox 102 355 112 384; x_wconf 82' lang='lat'><strong><em>⁶</em></strong></span> <span class='ocrx_word' id='word_1_8' title='bbox 129 342 213 408; x_wconf 91' lang='lat' dir='ltr'>Non</span> <span class='ocrx_word' id='word_1_9' title='bbox 230 363 298 430; x_wconf 85' lang='lat' dir='ltr'>ego</span> <span class='ocrx_word' id='word_1_10' title='bbox 314 363 375 428; x_wconf 90' lang='lat' dir='ltr'>pro</span> <span class='ocrx_word' id='word_1_11' title='bbox 393 342 512 408; x_wconf 93' lang='lat' dir='ltr'>mundi</span> <span class='ocrx_word' id='word_1_12' title='bbox 529 363 638 430; x_wconf 88' lang='lat' dir='ltr'>regno</span> <span class='ocrx_word' id='word_1_13' title='bbox 655 342 767 429; x_wconf 88' lang='lat' dir='ltr'>magis</span> <span class='ocrx_word' id='word_1_14' title='bbox 783 341 907 407; x_wconf 86' lang='lat' dir='ltr'>anxius</span> <span class='ocrx_word' id='word_1_15' title='bbox 923 342 981 406; x_wconf 86' lang='lat' dir='ltr'>illa</span> 
     </span>
     <span class='ocr_line' id='line_1_3' title="bbox 51 449 903 537; baseline -0.001 -21"><span class='ocrx_word' id='word_1_16' title='bbox 51 462 261 536; x_wconf 84' lang='lat' dir='ltr'><strong>tempestate</strong></span> <span class='ocrx_word' id='word_1_17' title='bbox 278 449 339 525; x_wconf 87' lang='lat' dir='ltr'>sui,</span> <span class='ocrx_word' id='word_1_18' title='bbox 357 470 426 536; x_wconf 90' lang='lat' dir='ltr'>qua</span> <span class='ocrx_word' id='word_1_19' title='bbox 443 461 580 515; x_wconf 90' lang='lat' dir='ltr'>centum</span> <span class='ocrx_word' id='word_1_20' title='bbox 597 450 741 537; x_wconf 90' lang='lat' dir='ltr'>quisque</span> <span class='ocrx_word' id='word_1_21' title='bbox 758 450 903 536; x_wconf 85' lang='lat' dir='ltr'>parabat</span> 
     </span>
     <span class='ocr_line' id='line_1_4' title="bbox 51 555 875 643; baseline -0.004 -21"><span class='ocrx_word' id='word_1_22' title='bbox 51 557 188 623; x_wconf 87' lang='lat' dir='ltr'>inicere</span> <span class='ocrx_word' id='word_1_23' title='bbox 206 555 441 643; x_wconf 85' lang='lat' dir='ltr'>anguipedum</span> <span class='ocrx_word' id='word_1_24' title='bbox 458 556 593 641; x_wconf 89' lang='lat' dir='ltr'>captivo</span> <span class='ocrx_word' id='word_1_25' title='bbox 610 557 751 622; x_wconf 86' lang='lat' dir='ltr'>brachia</span> <span class='ocrx_word' id='word_1_26' title='bbox 768 558 875 623; x_wconf 85' lang='lat' dir='ltr'>caelo.</span> 
     </span>
     <span class='ocr_line' id='line_1_5' title="bbox 52 662 1081 750; baseline 0.002 -22"><span class='ocrx_word' id='word_1_27' title='bbox 52 685 140 728; x_wconf 85' lang='lat' dir='ltr'>nam</span> <span class='ocrx_word' id='word_1_28' title='bbox 157 683 368 750; x_wconf 91' lang='lat' dir='ltr'>quamquam</span> <span class='ocrx_word' id='word_1_29' title='bbox 384 662 475 726; x_wconf 85' lang='lat' dir='ltr'>serus</span> <span class='ocrx_word' id='word_1_30' title='bbox 494 663 599 727; x_wconf 89' lang='lat' dir='ltr'>hostis</span> <span class='ocrx_word' id='word_1_31' title='bbox 616 673 700 737; x_wconf 87' lang='lat' dir='ltr'>erat,</span> <span class='ocrx_word' id='word_1_32' title='bbox 718 675 833 729; x_wconf 88' lang='lat' dir='ltr'>tamen</span> <span class='ocrx_word' id='word_1_33' title='bbox 850 663 934 730; x_wconf 92' lang='lat' dir='ltr'>illud</span> <span class='ocrx_word' id='word_1_34' title='bbox 951 665 996 730; x_wconf 93' lang='lat' dir='ltr'>ab</span> <span class='ocrx_word' id='word_1_35' title='bbox 1012 686 1081 731; x_wconf 89' lang='lat' dir='ltr'>uno</span> 
     </span>
     <span class='ocr_line' id='line_1_6' title="bbox 53 769 894 856; baseline -0.004 -20"><span class='ocrx_word' id='word_1_36' title='bbox 53 792 203 856; x_wconf 90' lang='lat' dir='ltr'>corpore</span> <span class='ocrx_word' id='word_1_37' title='bbox 220 781 313 834; x_wconf 87' lang='lat' dir='ltr'>etex</span> <span class='ocrx_word' id='word_1_38' title='bbox 330 789 398 833; x_wconf 89' lang='lat' dir='ltr'>una</span> <span class='ocrx_word' id='word_1_39' title='bbox 415 769 587 853; x_wconf 82' lang='lat' dir='ltr'>pendebat</span> <span class='ocrx_word' id='word_1_40' title='bbox 603 769 737 856; x_wconf 86' lang='lat' dir='ltr'><strong>origine</strong></span> <span class='ocrx_word' id='word_1_41' title='bbox 752 770 894 835; x_wconf 89' lang='lat' dir='ltr'>bellum.</span> 
     </span>
     <span class='ocr_line' id='line_1_7' title="bbox 54 858 1025 962; baseline 0 -20"><span class='ocrx_word' id='word_1_42' title='bbox 54 897 152 942; x_wconf 93' lang='lat' dir='ltr'>nunc</span> <span class='ocrx_word' id='word_1_43' title='bbox 170 876 254 940; x_wconf 89' lang='lat' dir='ltr'>mihi</span> <span class='ocrx_word' id='word_1_44' title='bbox 270 897 338 962; x_wconf 93' lang='lat' dir='ltr'>qua</span> <span class='ocrx_word' id='word_1_45' title='bbox 354 886 459 940; x_wconf 90' lang='lat' dir='ltr'>totum</span> <span class='ocrx_word' id='word_1_46' title='bbox 478 875 614 941; x_wconf 88' lang='lat' dir='ltr'>Nereus</span> <span class='ocrx_word' id='word_1_47' title='bbox 631 875 859 941; x_wconf 91' lang='lat' dir='ltr'>circumsonat</span> <span class='ocrx_word' id='word_1_48' title='bbox 875 858 1025 952; x_wconf 73' lang='lat' dir='ltr'>orbem,⁰</span> 
     </span>
     <span class='ocr_line' id='line_1_8' title="bbox 54 981 1008 1071; baseline -0.001 -22"><span class='ocrx_word' id='word_1_49' title='bbox 54 983 275 1070; x_wconf 91' lang='lat' dir='ltr'>perdendum</span> <span class='ocrx_word' id='word_1_50' title='bbox 292 993 343 1048; x_wconf 91' lang='lat' dir='ltr'>est</span> <span class='ocrx_word' id='word_1_51' title='bbox 360 982 501 1047; x_wconf 85' lang='lat' dir='ltr'>mortale</span> <span class='ocrx_word' id='word_1_52' title='bbox 517 1003 642 1069; x_wconf 89' lang='lat' dir='ltr'>genus.</span> <span class='ocrx_word' id='word_1_53' title='bbox 692 981 759 1047; x_wconf 91' lang='lat' dir='ltr'>Per</span> <span class='ocrx_word' id='word_1_54' title='bbox 775 982 917 1048; x_wconf 89' lang='lat' dir='ltr'>flumina</span> <span class='ocrx_word' id='word_1_55' title='bbox 930 983 1008 1071; x_wconf 90' lang='lat' dir='ltr'>juro</span> 
     </span>
     <span class='ocr_line' id='line_1_9' title="bbox 54 1087 788 1176; baseline -0.003 -20"><span class='ocrx_word' id='word_1_56' title='bbox 54 1091 170 1156; x_wconf 85' lang='lat' dir='ltr'>infera</span> <span class='ocrx_word' id='word_1_57' title='bbox 187 1090 251 1155; x_wconf 92' lang='lat' dir='ltr'>sub</span> <span class='ocrx_word' id='word_1_58' title='bbox 267 1100 374 1154; x_wconf 90' lang='lat' dir='ltr'>terras</span> <span class='ocrx_word' id='word_1_59' title='bbox 391 1087 515 1176; x_wconf 85' lang='lat' dir='ltr'>Stygio</span> <span class='ocrx_word' id='word_1_60' title='bbox 532 1089 681 1153; x_wconf 90' lang='lat' dir='ltr'>labentia</span> <span class='ocrx_word' id='word_1_61' title='bbox 698 1089 788 1164; x_wconf 92' lang='lat' dir='ltr'>luco,</span> 
     </span>
     <span class='ocr_line' id='line_1_10' title="bbox 55 1195 1113 1284; baseline 0 -21"><span class='ocrx_word' id='word_1_62' title='bbox 55 1209 186 1264; x_wconf 90' lang='lat' dir='ltr'>cuncta</span> <span class='ocrx_word' id='word_1_63' title='bbox 202 1196 296 1282; x_wconf 88' lang='lat' dir='ltr'>prius</span> <span class='ocrx_word' id='word_1_64' title='bbox 312 1207 496 1281; x_wconf 82' lang='lat' dir='ltr'>temptata3</span> <span class='ocrx_word' id='word_1_65' title='bbox 523 1195 583 1260; x_wconf 91' lang='lat' dir='ltr'>sed</span> <span class='ocrx_word' id='word_1_66' title='bbox 599 1195 841 1260; x_wconf 86' lang='lat' dir='ltr'>inmedicabile</span> <span class='ocrx_word' id='word_1_67' title='bbox 857 1197 983 1264; x_wconf 88' lang='lat' dir='ltr'>vulnus</span> <span class='ocrx_word' id='word_1_68' title='bbox 1057 1212 1113 1284; x_wconf 87' lang='lat'>&#39;¹90</span> 
     </span>
     <span class='ocr_line' id='line_1_11' title="bbox 57 1301 956 1386; baseline -0.006 -16"><span class='ocrx_word' id='word_1_69' title='bbox 57 1325 144 1370; x_wconf 91' lang='lat' dir='ltr'>ense</span> <span class='ocrx_word' id='word_1_70' title='bbox 161 1302 382 1368; x_wconf 89' lang='lat' dir='ltr'>recidendum</span> <span class='ocrx_word' id='word_1_71' title='bbox 401 1314 464 1377; x_wconf 87' lang='lat' dir='ltr'>est,</span> <span class='ocrx_word' id='word_1_72' title='bbox 482 1323 526 1366; x_wconf 90' lang='lat' dir='ltr'>ne</span> <span class='ocrx_word' id='word_1_73' title='bbox 543 1322 622 1386; x_wconf 92' lang='lat' dir='ltr'>pars</span> <span class='ocrx_word' id='word_1_74' title='bbox 639 1301 773 1366; x_wconf 90' lang='lat' dir='ltr'>sincera</span> <span class='ocrx_word' id='word_1_75' title='bbox 790 1303 956 1367; x_wconf 87' lang='lat' dir='ltr'>trahatur.</span> 
     </span>
     <span class='ocr_line' id='line_1_12' title="bbox 57 1408 1029 1494; baseline -0.002 -18"><span class='ocrx_word' id='word_1_76' title='bbox 57 1423 140 1477; x_wconf 89' lang='lat' dir='ltr'>sunt</span> <span class='ocrx_word' id='word_1_77' title='bbox 156 1410 239 1474; x_wconf 91' lang='lat' dir='ltr'>mihi</span> <span class='ocrx_word' id='word_1_78' title='bbox 256 1409 409 1484; x_wconf 87' lang='lat' dir='ltr'>semidei,</span> <span class='ocrx_word' id='word_1_79' title='bbox 429 1418 507 1474; x_wconf 89' lang='lat' dir='ltr'>sunt</span> <span class='ocrx_word' id='word_1_80' title='bbox 523 1408 649 1473; x_wconf 91' lang='lat' dir='ltr'>rustica</span> <span class='ocrx_word' id='word_1_81' title='bbox 666 1408 820 1483; x_wconf 90' lang='lat' dir='ltr'>numina,</span> <span class='ocrx_word' id='word_1_82' title='bbox 840 1411 1029 1494; x_wconf 86' lang='lat' dir='ltr'>nymphae,</span> 
     </span>
     <span class='ocr_line' id='line_1_13' title="bbox 57 1513 848 1603; baseline -0.008 -20"><span class='ocrx_word' id='word_1_83' title='bbox 57 1517 224 1603; x_wconf 85' lang='lat' dir='ltr'>faunique</span> <span class='ocrx_word' id='word_1_84' title='bbox 241 1515 414 1603; x_wconf 89' lang='lat' dir='ltr'>satyrique</span> <span class='ocrx_word' id='word_1_85' title='bbox 431 1526 464 1579; x_wconf 90' lang='lat' dir='ltr'>et</span> <span class='ocrx_word' id='word_1_86' title='bbox 482 1515 686 1580; x_wconf 87' lang='lat' dir='ltr'>monticolae</span> <span class='ocrx_word' id='word_1_87' title='bbox 703 1513 848 1579; x_wconf 85' lang='lat' dir='ltr'>Silvani.</span> 
     </span>
     <span class='ocr_line' id='line_1_14' title="bbox 57 1620 961 1711; baseline 0 -23"><span class='ocrx_word' id='word_1_88' title='bbox 57 1645 147 1711; x_wconf 90' lang='lat' dir='ltr'>quos</span> <span class='ocrx_word' id='word_1_89' title='bbox 163 1622 326 1710; x_wconf 92' lang='lat' dir='ltr'>quoniam</span> <span class='ocrx_word' id='word_1_90' title='bbox 343 1620 430 1686; x_wconf 91' lang='lat' dir='ltr'>caeli</span> <span class='ocrx_word' id='word_1_91' title='bbox 447 1622 599 1687; x_wconf 91' lang='lat' dir='ltr'>nondum</span> <span class='ocrx_word' id='word_1_92' title='bbox 618 1622 802 1708; x_wconf 85' lang='lat' dir='ltr'>dignamur</span> <span class='ocrx_word' id='word_1_93' title='bbox 819 1623 961 1698; x_wconf 90' lang='lat' dir='ltr'>honore,</span> 
     </span>
     <span class='ocr_line' id='line_1_15' title="bbox 57 1729 1112 1818; baseline -0.002 -23"><span class='ocrx_word' id='word_1_94' title='bbox 57 1751 147 1818; x_wconf 91' lang='lat' dir='ltr'>quas</span> <span class='ocrx_word' id='word_1_95' title='bbox 164 1730 334 1805; x_wconf 88' lang='lat' dir='ltr'>dedimus,</span> <span class='ocrx_word' id='word_1_96' title='bbox 352 1739 444 1793; x_wconf 90' lang='lat' dir='ltr'>certe</span> <span class='ocrx_word' id='word_1_97' title='bbox 460 1739 567 1794; x_wconf 89' lang='lat' dir='ltr'>terras</span> <span class='ocrx_word' id='word_1_98' title='bbox 584 1729 736 1792; x_wconf 87' lang='lat' dir='ltr'>habitare</span> <span class='ocrx_word' id='word_1_99' title='bbox 755 1729 918 1794; x_wconf 90' lang='lat' dir='ltr'>sinamus.</span> <span class='ocrx_word' id='word_1_100' title='bbox 1066 1763 1112 1818; x_wconf 86' lang='lat'>¹95</span> 
     </span>
     <span class='ocr_line' id='line_1_16' title="bbox 58 1835 872 1922; baseline -0.002 -20"><span class='ocrx_word' id='word_1_101' title='bbox 58 1858 105 1902; x_wconf 87' lang='lat' dir='ltr'>an</span> <span class='ocrx_word' id='word_1_102' title='bbox 123 1838 218 1912; x_wconf 87' lang='lat' dir='ltr'>satis,</span> <span class='ocrx_word' id='word_1_103' title='bbox 238 1835 270 1901; x_wconf 92' lang='grc' dir='ltr'>Ο</span> <span class='ocrx_word' id='word_1_104' title='bbox 288 1835 415 1922; x_wconf 89' lang='lat' dir='ltr'>superi,</span> <span class='ocrx_word' id='word_1_105' title='bbox 433 1845 522 1901; x_wconf 91' lang='lat' dir='ltr'>tutos</span> <span class='ocrx_word' id='word_1_106' title='bbox 539 1835 610 1901; x_wconf 89' lang='lat' dir='ltr'>sore</span> <span class='ocrx_word' id='word_1_107' title='bbox 627 1835 765 1899; x_wconf 87' lang='lat' dir='ltr'>creditis</span> <span class='ocrx_word' id='word_1_108' title='bbox 782 1835 872 1911; x_wconf 92' lang='lat' dir='ltr'>illos,</span> 
     </span>
     <span class='ocr_line' id='line_1_17' title="bbox 58 1942 1022 2031; baseline -0.002 -21"><span class='ocrx_word' id='word_1_109' title='bbox 58 1965 140 2010; x_wconf 92' lang='lat' dir='ltr'>cum</span> <span class='ocrx_word' id='word_1_110' title='bbox 158 1943 256 2018; x_wconf 90' lang='lat' dir='ltr'>mihi,</span> <span class='ocrx_word' id='word_1_111' title='bbox 273 1943 331 2029; x_wconf 90' lang='lat' dir='ltr'>qui</span> <span class='ocrx_word' id='word_1_112' title='bbox 348 1942 491 2017; x_wconf 88' lang='lat' dir='ltr'>fulmen,</span> <span class='ocrx_word' id='word_1_113' title='bbox 510 1942 566 2028; x_wconf 93' lang='lat' dir='ltr'>qui</span> <span class='ocrx_word' id='word_1_114' title='bbox 585 1964 644 2006; x_wconf 84' lang='lat' dir='ltr'>vos</span> <span class='ocrx_word' id='word_1_115' title='bbox 662 1942 839 2028; x_wconf 90' lang='lat' dir='ltr'>habeoque</span> <span class='ocrx_word' id='word_1_116' title='bbox 856 1963 1022 2031; x_wconf 85' lang='lat' dir='ltr'>regoque,</span> 
     </span>
     <span class='ocr_line' id='line_1_18' title="bbox 58 2047 844 2135; baseline -0.006 -18"><span class='ocrx_word' id='word_1_117' title='bbox 58 2050 221 2117; x_wconf 81' lang='lat' dir='ltr'>struxerit</span> <span class='ocrx_word' id='word_1_118' title='bbox 238 2049 378 2114; x_wconf 88' lang='lat' dir='ltr'>insidias</span> <span class='ocrx_word' id='word_1_119' title='bbox 395 2058 494 2114; x_wconf 90' lang='lat' dir='ltr'>notus</span> <span class='ocrx_word' id='word_1_120' title='bbox 512 2049 642 2114; x_wconf 83' lang='lat' dir='ltr'>feritate</span> <span class='ocrx_word' id='word_1_121' title='bbox 660 2047 844 2135; x_wconf 88' lang='lat' dir='ltr'>Lycaon?’</span> 
     </span>
    </p>

    <p class='ocr_par' dir='ltr' id='par_1_3' title="bbox 54 2156 1114 3207">
     <span class='ocr_line' id='line_1_19' title="bbox 105 2156 1065 2242; baseline -0.001 -19"><span class='ocrx_word' id='word_1_122' title='bbox 105 2157 353 2224; x_wconf 90' lang='lat' dir='ltr'>Contremuere</span> <span class='ocrx_word' id='word_1_123' title='bbox 370 2177 503 2230; x_wconf 89' lang='lat' dir='ltr'>omnes,</span> <span class='ocrx_word' id='word_1_124' title='bbox 523 2157 709 2242; x_wconf 86' lang='lat' dir='ltr'>studiisque</span> <span class='ocrx_word' id='word_1_125' title='bbox 732 2156 929 2220; x_wconf 87' lang='lat' dir='ltr'>ardentibus</span> <span class='ocrx_word' id='word_1_126' title='bbox 946 2178 1065 2222; x_wconf 90' lang='lat' dir='ltr'>ausum</span> 
     </span>
     <span class='ocr_line' id='line_1_20' title="bbox 59 2261 1113 2349; baseline -0.002 -19"><span class='ocrx_word' id='word_1_127' title='bbox 59 2265 142 2331; x_wconf 87' lang='lat' dir='ltr'>talia</span> <span class='ocrx_word' id='word_1_128' title='bbox 159 2265 361 2349; x_wconf 86' lang='lat' dir='ltr'>deposcunt.</span> <span class='ocrx_word' id='word_1_129' title='bbox 410 2261 481 2336; x_wconf 89' lang='lat' dir='ltr'>Sic,</span> <span class='ocrx_word' id='word_1_130' title='bbox 501 2285 578 2327; x_wconf 92' lang='lat' dir='ltr'>cum</span> <span class='ocrx_word' id='word_1_131' title='bbox 598 2285 718 2327; x_wconf 88' lang='lat' dir='ltr'>manus</span> <span class='ocrx_word' id='word_1_132' title='bbox 735 2263 841 2348; x_wconf 90' lang='lat' dir='ltr'>impia</span> <span class='ocrx_word' id='word_1_133' title='bbox 857 2262 964 2328; x_wconf 89' lang='lat' dir='ltr'>saevit</span> <span class='ocrx_word' id='word_1_134' title='bbox 1062 2298 1113 2338; x_wconf 87' lang='lat'>200</span> 
     </span>
     <span class='ocr_line' id='line_1_21' title="bbox 59 2369 1032 2458; baseline -0.002 -21"><span class='ocrx_word' id='word_1_135' title='bbox 59 2371 232 2458; x_wconf 90' lang='lat' dir='ltr'>sanguine</span> <span class='ocrx_word' id='word_1_136' title='bbox 251 2369 424 2435; x_wconf 88' lang='lat' dir='ltr'>Caesareo</span> <span class='ocrx_word' id='word_1_137' title='bbox 442 2369 640 2434; x_wconf 88' lang='lat' dir='ltr'>Romanum</span> <span class='ocrx_word' id='word_1_138' title='bbox 657 2369 877 2457; x_wconf 86' lang='lat' dir='ltr'>exstinguere</span> <span class='ocrx_word' id='word_1_139' title='bbox 893 2391 1032 2445; x_wconf 92' lang='lat' dir='ltr'>nomen,</span> 
     </span>
     <span class='ocr_line' id='line_1_22' title="bbox 59 2476 778 2543; baseline 0 -1"><span class='ocrx_word' id='word_1_140' title='bbox 59 2477 240 2543; x_wconf 90' lang='lat' dir='ltr'>attonitum</span> <span class='ocrx_word' id='word_1_141' title='bbox 256 2488 350 2542; x_wconf 89' lang='lat' dir='ltr'>tanto</span> <span class='ocrx_word' id='word_1_142' title='bbox 366 2476 498 2542; x_wconf 90' lang='lat' dir='ltr'>subitae</span> <span class='ocrx_word' id='word_1_143' title='bbox 515 2488 641 2542; x_wconf 88' lang='lat' dir='ltr'>terrore</span> <span class='ocrx_word' id='word_1_144' title='bbox 658 2477 778 2542; x_wconf 91' lang='lat' dir='ltr'>ruinae</span> 
     </span>
     <span class='ocr_line' id='line_1_23' title="bbox 60 2584 946 2670; baseline 0.003 -22"><span class='ocrx_word' id='word_1_145' title='bbox 60 2586 251 2649; x_wconf 88' lang='lat' dir='ltr'>humanum</span> <span class='ocrx_word' id='word_1_146' title='bbox 268 2604 379 2670; x_wconf 88' lang='lat' dir='ltr'>genus</span> <span class='ocrx_word' id='word_1_147' title='bbox 394 2593 445 2649; x_wconf 90' lang='lat' dir='ltr'>est</span> <span class='ocrx_word' id='word_1_148' title='bbox 461 2594 617 2670; x_wconf 92' lang='lat' dir='ltr'>totusque</span> <span class='ocrx_word' id='word_1_149' title='bbox 634 2584 826 2669; x_wconf 86' lang='lat' dir='ltr'>perhorruit</span> <span class='ocrx_word' id='word_1_150' title='bbox 842 2586 946 2653; x_wconf 79' lang='lat' dir='ltr'>orbis</span> 
     </span>
     <span class='ocr_line' id='line_1_24' title="bbox 58 2689 1005 2778; baseline 0.004 -22"><span class='ocrx_word' id='word_1_151' title='bbox 58 2710 126 2756; x_wconf 88' lang='lat' dir='ltr'>nec</span> <span class='ocrx_word' id='word_1_152' title='bbox 142 2690 201 2755; x_wconf 92' lang='lat' dir='ltr'>tibi</span> <span class='ocrx_word' id='word_1_153' title='bbox 218 2701 315 2778; x_wconf 87' lang='lat' dir='ltr'>grata</span> <span class='ocrx_word' id='word_1_154' title='bbox 333 2689 446 2756; x_wconf 90' lang='lat' dir='ltr'>minus</span> <span class='ocrx_word' id='word_1_155' title='bbox 461 2690 583 2776; x_wconf 91' lang='lat' dir='ltr'>pietas,</span> <span class='ocrx_word' id='word_1_156' title='bbox 602 2690 773 2778; x_wconf 83' lang='lat' dir='ltr'>Auguste,</span> <span class='ocrx_word' id='word_1_157' title='bbox 791 2705 926 2758; x_wconf 87' lang='lat' dir='ltr'>tuorum</span> <span class='ocrx_word' id='word_1_158' title='bbox 943 2705 1005 2770; x_wconf 89' lang='lat' dir='ltr'>est,</span> 
     </span>
     <span class='ocr_line' id='line_1_25' title="bbox 58 2795 1114 2888; baseline 0.009 -26"><span class='ocrx_word' id='word_1_159' title='bbox 58 2819 164 2885; x_wconf 91' lang='lat' dir='ltr'>quam</span> <span class='ocrx_word' id='word_1_160' title='bbox 182 2797 243 2862; x_wconf 85' lang='lat' dir='ltr'>luit</span> <span class='ocrx_word' id='word_1_161' title='bbox 259 2797 318 2862; x_wconf 92' lang='lat' dir='ltr'>illa</span> <span class='ocrx_word' id='word_1_162' title='bbox 330 2797 420 2883; x_wconf 90' lang='lat' dir='ltr'>Jovi.</span> <span class='ocrx_word' id='word_1_163' title='bbox 470 2795 542 2884; x_wconf 78' lang='lat' dir='ltr'>Qi</span> <span class='ocrx_word' id='word_1_164' title='bbox 559 2811 737 2885; x_wconf 90' lang='lat' dir='ltr'>postquam</span> <span class='ocrx_word' id='word_1_165' title='bbox 757 2821 840 2865; x_wconf 91' lang='lat' dir='ltr'>voce</span> <span class='ocrx_word' id='word_1_166' title='bbox 859 2822 1031 2888; x_wconf 90' lang='lat' dir='ltr'>manuque</span> <span class='ocrx_word' id='word_1_167' title='bbox 1064 2832 1114 2888; x_wconf 80' lang='lat'>205</span> 
     </span>
     <span class='ocr_line' id='line_1_26' title="bbox 60 2904 919 2990; baseline -0.001 -21"><span class='ocrx_word' id='word_1_168' title='bbox 60 2926 236 2969; x_wconf 93' lang='lat' dir='ltr'>murmura</span> <span class='ocrx_word' id='word_1_169' title='bbox 254 2904 468 2990; x_wconf 89' lang='lat' dir='ltr'>compressit,</span> <span class='ocrx_word' id='word_1_170' title='bbox 487 2916 625 2969; x_wconf 88' lang='lat' dir='ltr'>tenuere</span> <span class='ocrx_word' id='word_1_171' title='bbox 643 2906 777 2971; x_wconf 85' lang='lat' dir='ltr'>silentia</span> <span class='ocrx_word' id='word_1_172' title='bbox 795 2908 919 2971; x_wconf 81' lang='lat' dir='ltr'>cuncti.</span> 
     </span>
     <span class='ocr_line' id='line_1_27' title="bbox 59 3011 938 3101; baseline 0.001 -23"><span class='ocrx_word' id='word_1_173' title='bbox 59 3011 206 3078; x_wconf 91' lang='lat' dir='ltr'>substitit</span> <span class='ocrx_word' id='word_1_174' title='bbox 222 3022 258 3076; x_wconf 93' lang='lat' dir='ltr'>ut</span> <span class='ocrx_word' id='word_1_175' title='bbox 274 3013 416 3085; x_wconf 89' lang='lat' dir='ltr'>clamor,</span> <span class='ocrx_word' id='word_1_176' title='bbox 436 3032 573 3096; x_wconf 92' lang='lat' dir='ltr'>pressus</span> <span class='ocrx_word' id='word_1_177' title='bbox 590 3015 757 3101; x_wconf 86' lang='lat' dir='ltr'>gravitate</span> <span class='ocrx_word' id='word_1_178' title='bbox 775 3014 938 3100; x_wconf 88' lang='lat' dir='ltr'>regentis,</span> 
     </span>
     <span class='ocr_line' id='line_1_28' title="bbox 54 3118 887 3207; baseline 0 -24"><span class='ocrx_word' id='word_1_179' title='bbox 54 3118 213 3206; x_wconf 92' lang='lat' dir='ltr'>Juppiter</span> <span class='ocrx_word' id='word_1_180' title='bbox 230 3119 296 3184; x_wconf 93' lang='lat' dir='ltr'>hoc</span> <span class='ocrx_word' id='word_1_181' title='bbox 312 3118 432 3184; x_wconf 90' lang='lat' dir='ltr'>iterum</span> <span class='ocrx_word' id='word_1_182' title='bbox 451 3140 608 3185; x_wconf 90' lang='lat' dir='ltr'>sermone</span> <span class='ocrx_word' id='word_1_183' title='bbox 626 3121 760 3186; x_wconf 88' lang='lat' dir='ltr'>silentia</span> <span class='ocrx_word' id='word_1_184' title='bbox 777 3122 887 3207; x_wconf 83' lang='lat' dir='ltr'>rupit:</span> 
     </span>
    </p>

    <p class='ocr_par' dir='ltr' id='par_1_4' title="bbox 50 3225 1141 3959">
     <span class='ocr_line' id='line_1_29' title="bbox 107 3225 1094 3316; baseline 0.005 -28"><span class='ocrx_word' id='word_1_185' title='bbox 107 3225 194 3290; x_wconf 81' lang='lat' dir='ltr'>‘Ille</span> <span class='ocrx_word' id='word_1_186' title='bbox 210 3226 349 3312; x_wconf 89' lang='lat' dir='ltr'>quidem</span> <span class='ocrx_word' id='word_1_187' title='bbox 368 3246 498 3311; x_wconf 88' lang='lat' dir='ltr'>poenas</span> <span class='ocrx_word' id='word_1_188' title='bbox 519 3229 656 3314; x_wconf 89' lang='lat' dir='ltr'>(curam</span> <span class='ocrx_word' id='word_1_189' title='bbox 673 3229 764 3293; x_wconf 90' lang='lat' dir='ltr'>hanc</span> <span class='ocrx_word' id='word_1_190' title='bbox 780 3229 953 3316; x_wconf 87' lang='lat' dir='ltr'>dimittite)</span> <span class='ocrx_word' id='word_1_191' title='bbox 974 3230 1094 3294; x_wconf 86' lang='lat' dir='ltr'>solvit:</span> 
     </span>
     <span class='ocr_line' id='line_1_30' title="bbox 59 3333 1112 3421; baseline 0.009 -23"><span class='ocrx_word' id='word_1_192' title='bbox 59 3333 152 3420; x_wconf 91' lang='lat' dir='ltr'>quod</span> <span class='ocrx_word' id='word_1_193' title='bbox 167 3343 282 3398; x_wconf 90' lang='lat' dir='ltr'>tamen</span> <span class='ocrx_word' id='word_1_194' title='bbox 299 3333 502 3409; x_wconf 87' lang='lat' dir='ltr'>admissum,</span> <span class='ocrx_word' id='word_1_195' title='bbox 520 3355 610 3421; x_wconf 93' lang='lat' dir='ltr'>quae</span> <span class='ocrx_word' id='word_1_196' title='bbox 627 3335 669 3400; x_wconf 88' lang='lat' dir='ltr'>sit</span> <span class='ocrx_word' id='word_1_197' title='bbox 684 3335 846 3409; x_wconf 89' lang='lat' dir='ltr'>vindicta,</span> <span class='ocrx_word' id='word_1_198' title='bbox 865 3337 1008 3402; x_wconf 90' lang='lat' dir='ltr'>docebo.</span> <span class='ocrx_word' id='word_1_199' title='bbox 1062 3370 1112 3408; x_wconf 66' lang='grc' dir='ltr'>κιο</span> 
     </span>
     <span class='ocr_line' id='line_1_31' title="bbox 62 3440 875 3528; baseline -0.001 -22"><span class='ocrx_word' id='word_1_200' title='bbox 62 3440 250 3528; x_wconf 86' lang='lat' dir='ltr'>contigerat</span> <span class='ocrx_word' id='word_1_201' title='bbox 266 3454 400 3506; x_wconf 90' lang='lat' dir='ltr'>nostras</span> <span class='ocrx_word' id='word_1_202' title='bbox 417 3440 558 3506; x_wconf 84' lang='lat' dir='ltr'>infamia</span> <span class='ocrx_word' id='word_1_203' title='bbox 575 3442 737 3527; x_wconf 87' lang='lat' dir='ltr'>temporis</span> <span class='ocrx_word' id='word_1_204' title='bbox 754 3464 875 3508; x_wconf 86' lang='lat' dir='ltr'>aures:</span> 
     </span>
     <span class='ocr_line' id='line_1_32' title="bbox 59 3548 966 3635; baseline 0.004 -25"><span class='ocrx_word' id='word_1_205' title='bbox 59 3568 162 3633; x_wconf 89' lang='lat' dir='ltr'>quam</span> <span class='ocrx_word' id='word_1_206' title='bbox 180 3548 323 3635; x_wconf 90' lang='lat' dir='ltr'>cupiens</span> <span class='ocrx_word' id='word_1_207' title='bbox 338 3548 475 3621; x_wconf 88' lang='lat' dir='ltr'>salsam,</span> <span class='ocrx_word' id='word_1_208' title='bbox 494 3570 628 3615; x_wconf 91' lang='lat' dir='ltr'>summo</span> <span class='ocrx_word' id='word_1_209' title='bbox 646 3549 786 3614; x_wconf 88' lang='lat' dir='ltr'>delabor</span> <span class='ocrx_word' id='word_1_210' title='bbox 802 3548 966 3635; x_wconf 90' lang='lat' dir='ltr'>Olympo,</span> 
     </span>
     <span class='ocr_line' id='line_1_33' title="bbox 60 3654 869 3742; baseline 0 -24"><span class='ocrx_word' id='word_1_211' title='bbox 60 3667 92 3719; x_wconf 92' lang='lat' dir='ltr'>et</span> <span class='ocrx_word' id='word_1_212' title='bbox 107 3654 192 3720; x_wconf 93' lang='lat' dir='ltr'>deus</span> <span class='ocrx_word' id='word_1_213' title='bbox 210 3657 362 3721; x_wconf 89' lang='lat' dir='ltr'>humana</span> <span class='ocrx_word' id='word_1_214' title='bbox 379 3657 484 3720; x_wconf 88' lang='lat' dir='ltr'>lustro</span> <span class='ocrx_word' id='word_1_215' title='bbox 501 3656 564 3720; x_wconf 92' lang='lat' dir='ltr'>sub</span> <span class='ocrx_word' id='word_1_216' title='bbox 582 3655 733 3742; x_wconf 85' lang='lat' dir='ltr'>imagine</span> <span class='ocrx_word' id='word_1_217' title='bbox 750 3667 869 3720; x_wconf 88' lang='lat' dir='ltr'>terras.</span> 
     </span>
     <span class='ocr_line' id='line_1_34' title="bbox 60 3760 1079 3853; baseline 0.003 -29"><span class='ocrx_word' id='word_1_218' title='bbox 60 3760 164 3850; x_wconf 87' lang='lat' dir='ltr'>longa</span> <span class='ocrx_word' id='word_1_219' title='bbox 182 3784 279 3827; x_wconf 90' lang='lat' dir='ltr'>mora</span> <span class='ocrx_word' id='word_1_220' title='bbox 295 3772 357 3836; x_wconf 90' lang='lat' dir='ltr'>est,</span> <span class='ocrx_word' id='word_1_221' title='bbox 376 3774 539 3848; x_wconf 89' lang='lat' dir='ltr'>quantum</span> <span class='ocrx_word' id='word_1_222' title='bbox 559 3783 671 3827; x_wconf 89' lang='lat' dir='ltr'>noxae</span> <span class='ocrx_word' id='word_1_223' title='bbox 689 3763 731 3828; x_wconf 90' lang='lat' dir='ltr'>sit</span> <span class='ocrx_word' id='word_1_224' title='bbox 748 3761 874 3853; x_wconf 87' lang='lat' dir='ltr'>ubique</span> <span class='ocrx_word' id='word_1_225' title='bbox 888 3773 1079 3851; x_wconf 85' lang='lat' dir='ltr'>repertum,</span> 
     </span>
     <span class='ocr_line' id='line_1_35' title="bbox 50 3866 1141 3959; baseline 0.017 -34"><span class='ocrx_word' id='word_1_226' title='bbox 50 3885 271 3936; x_wconf 74' lang='lat' dir='ltr'>enumerare5</span> <span class='ocrx_word' id='word_1_227' title='bbox 293 3866 409 3932; x_wconf 84' lang='lat' dir='ltr'>minor</span> <span class='ocrx_word' id='word_1_228' title='bbox 422 3867 489 3933; x_wconf 80' lang='lat' dir='ltr'>fuit</span> <span class='ocrx_word' id='word_1_229' title='bbox 502 3868 582 3956; x_wconf 85' lang='lat' dir='ltr'>ipsa</span> <span class='ocrx_word' id='word_1_230' title='bbox 601 3871 754 3943; x_wconf 83' lang='lat' dir='ltr'>infamia</span> <span class='ocrx_word' id='word_1_231' title='bbox 769 3896 870 3943; x_wconf 87' lang='lat' dir='ltr'>vero.</span> <span class='ocrx_word' id='word_1_232' title='bbox 1085 3904 1141 3959; x_wconf 65' lang='lat' dir='ltr'>m</span> 
     </span>
    </p>
   </div>
   <div class='ocr_carea' id='block_1_3' title="bbox 0 0 1238 4134">
    <p class='ocr_par' dir='ltr' id='par_1_5' title="bbox 0 0 1238 4134">
     <span class='ocr_line' id='line_1_36' title="bbox 0 0 1238 4134; baseline 0 0"><span class='ocrx_word' id='word_1_233' title='bbox 0 0 1238 4134; x_wconf 95' lang='lat' dir='ltr'> </span> 
     </span>
    </p>
   </div>
  </div>
 </body>
</html>
