2444 4134
63 163 251 236 V111.⁶76.]
333 147 441 214 Their
463 147 615 213 Humblc
637 146 870 236 Hospitality·

64 366 137 431 quo
153 345 377 433 superinjecit
393 355 521 410 textum
538 345 622 409 rude
640 345 759 409 sedula
776 343 916 421 Baucis,

64 451 148 517 inde
165 452 243 516 loco
259 451 413 537 tepidum
431 451 581 516 cinerem
599 450 753 526 dimovit,
772 462 805 515 et
820 452 921 539 ignes

66 558 210 624 suscitat
226 559 417 633 hesternos,
436 558 594 645 foliisque
611 569 644 622 et
660 557 785 623 cortice
802 558 893 624 sicco

66 668 184 742 nutrit,
204 681 236 733 et
252 668 297 733 ad
313 666 472 731 flammas
489 667 604 731 anima
622 667 776 753 producit
793 667 889 744 anili,

45 811 51 817 ·
68 775 324 862 multifidasque
341 774 436 838 iaces
453 774 665 860 ramaliaque
683 773 778 838 arida
795 783 884 839 tecto

68 883 201 956 detulit,
220 893 253 946 et
271 881 403 955 minuit,
422 901 596 967 parvoque
614 878 764 943 admovit
780 883 880 945 aeno.

67 972 228 1076 quodque
246 1010 328 1052 suus
346 987 495 1074 conjunx
513 987 612 1072 riguo
630 985 816 1072 collegerat
832 987 942 1060 horto,

67 1104 206 1157 truncat
222 1096 298 1158 olus
314 1094 415 1159 loliis.
465 1093 579 1157 Furca
596 1093 686 1156 levat
701 1092 759 1156 ille
776 1092 907 1157 bicorni

69 1201 211 1265 sordida
228 1212 326 1285 terga
344 1200 413 1265 suis
429 1199 530 1287 nigro
547 1199 732 1284 pendentia
750 1199 866 1286 tign03

71 1318 275 1393 servatoque
293 1307 351 1371 diu
368 1318 500 1371 resecat
516 1308 559 1371 de
576 1318 712 1391 tergore
731 1317 861 1390 partem

69 1409 250 1496 exiguam,
269 1418 466 1496 sectamque
482 1409 598 1474 domat
615 1407 823 1472 serventibus
841 1407 954 1474 undis.

115 1516 253 1580 Interea
272 1516 403 1580 medias
420 1516 542 1580 fallunt
558 1515 773 1580 sermonibus
791 1515 906 1589 boras,

71 1623 339 1708 concutiuntque
356 1634 467 1687 torum
484 1622 527 1687 de
545 1621 639 1687 molli
656 1620 807 1686 fluminis
824 1622 905 1686 ulva

70 1729 269 1814 impositum
287 1729 388 1804 lecto,
407 1729 539 1814 sponda
557 1729 770 1814 pedibusque
787 1729 942 1816 salignis.

69 1837 224 1901 vestibus
242 1836 334 1899 hunc
350 1837 478 1910 velant,
497 1857 583 1922 quas
600 1858 668 1901 non
686 1835 750 1899 nisi
768 1848 921 1922 ternpore
938 1836 1023 1902 sesto

71 1954 224 2006 sternere
242 1953 467 2015 consuerant3
493 1943 553 2007 sed
571 1955 604 2007 et
620 1944 707 2007 haec
724 1943 867 2029 vilisque
885 1955 1050 2029 vetusque

70 2049 174 2114 vestis
191 2061 277 2124 erat,
295 2051 383 2114 lecto
399 2071 467 2113 non
485 2049 698 2137 indignanda
716 2050 863 2136 saligno.

114 2153 324 2219 Accubuere
341 2155 408 2220 dei.
458 2155 619 2221 Mensam
637 2157 810 2221 succincta
827 2169 1044 2242 tremensque
1073 2173 1126 2228 660

70 2263 167 2347 ponit
184 2283 292 2326 anus:
317 2282 458 2326 mensae
475 2264 535 2328 sed
552 2275 625 2328 erat
641 2285 702 2348 pes
719 2263 835 2327 tertius
852 2263 983 2347 impar:

70 2381 156 2434 testa
173 2389 293 2453 parem
310 2369 399 2432 lecit.
451 2367 552 2452 Quae
570 2382 750 2457 postquam
768 2370 902 2434 subdita
919 2368 1046 2433 clivum

71 2475 220 2550 sustulit,
240 2487 421 2561 aequatam
441 2488 575 2541 mentae
592 2488 719 2541 tersere
735 2477 896 2541 virentes.

72 2582 209 2667 ponitur
226 2582 281 2646 bic
298 2582 427 2646 bicolor
443 2582 598 2648 sincerae
613 2584 702 2648 baca
718 2582 921 2655 Minervae3

71 2688 277 2775 conditaque
294 2688 329 2751 in
346 2689 475 2774 liquida
493 2710 598 2755 corna
615 2690 826 2754 autumnalia
844 2689 962 2764 saece3
1071 2705 1123 2774 665

70 2795 259 2880 intibaque,
278 2805 310 2859 et
327 2794 439 2869 radix,
459 2807 491 2860 et
507 2796 604 2861 lactis
621 2817 735 2861 massa
753 2795 874 2870 coacti,

70 2922 205 2986 ovaque
222 2923 290 2965 nun
308 2901 378 2965 acri
396 2902 516 2967 leviter
531 2916 664 2968 versata
682 2903 812 2976 favilla,
823 2941 868 2950 -

70 3008 186 3073 omnia
203 3007 376 3072 fictilibus.
425 3007 507 3074 Post
524 3009 609 3073 baec
626 3010 777 3073 caelatus
795 3010 915 3073 eodem

70 3114 199 3180 sistitur
215 3127 358 3201 argento
376 3126 499 3191 crater,
518 3115 750 3201 fabricataque
767 3116 849 3202 sago

70 3222 209 3307 pocula,
227 3242 295 3308 qua
312 3242 399 3286 cava
415 3234 506 3298 sunt,
525 3222 728 3286 flaventibus
745 3223 828 3286 illita
846 3222 945 3286 ceris.
1071 3237 1124 3304 670

116 3327 230 3392 Parva
247 3349 343 3393 mora
360 3339 423 3404 est,
443 3330 629 3415 epulasque
646 3328 712 3392 foci
731 3329 853 3392 misere
870 3328 1036 3403 calentes,

70 3456 137 3500 nec
153 3435 279 3522 longae
296 3456 417 3499 rursus
432 3435 624 3498 reseruntur
640 3434 720 3498 vina
736 3445 909 3508 senectae,

70 3543 222 3629 dantque
238 3543 353 3607 locum
372 3541 498 3606 mensis
516 3542 656 3626 paulum
674 3542 813 3606 seducta
831 3538 1003 3604 secundis.

71 3650 128 3713 hic
145 3671 229 3723 nux,
248 3648 429 3712 hicmixta
446 3659 497 3712 est
513 3648 647 3734 rugosis
665 3648 777 3711 carica
796 3644 932 3729 palmis,

71 3776 263 3842 prunaque,
283 3754 368 3819 etin
385 3754 509 3838 patulis
526 3753 712 3817 redolentia
731 3753 821 3814 mala
838 3749 1006 3824 canistris,
1071 3767 1122 3835 675

68 3875 104 3924 et
115 3863 160 3923 de
168 3859 354 3941 purpureis
370 3860 539 3925 collectae
557 3861 684 3929 vitibus
701 3881 805 3928 uvae.
