2444 4134
79 175 128 230 IV.
145 190 185 241 10,
199 172 256 246 86]
352 152 423 219 The
446 153 558 224 Poet's
581 152 882 240 Autobr'ograpky.
1070 153 1130 214 181

78 356 268 422 Successor
286 352 348 416 fuit
366 351 423 415 hic
438 350 512 427 tibi,
531 350 654 426 Galle3
679 350 877 435 Propertius
892 347 963 422 illi;

121 464 276 550 Quartus
294 460 338 523 ab
356 460 409 524 his
427 459 514 523 serie
531 459 692 542 temporis
708 457 783 541 ipse
800 456 860 519 sui.

76 572 189 659 thue
206 593 274 660 ego
292 569 453 656 majoreS,
474 566 524 630 sic
541 588 595 629 me
613 565 750 630 coluere
768 565 929 640 minores,
1100 592 1132 649 55

120 678 283 762 Notaque
302 695 369 738 non
388 671 485 735 tarde
503 669 593 733 facta
610 668 737 732 Thalia
756 689 832 731 mea
849 679 911 732 est.

77 783 242 850 Carmina
259 805 337 848 cum
355 781 503 868 primum
522 779 649 864 populo
662 776 829 864 juvenilia
846 775 931 863 legi,

120 891 239 957 Barba
255 902 386 956 resecta
404 888 487 952 mihi
504 886 600 951 bisve
617 886 768 950 semelve
785 885 859 949 suit.

77 997 236 1062 Moverat
252 997 430 1085 ingenium
448 1007 553 1061 totam
572 1007 708 1058 cantata
726 1016 787 1079 per
802 994 936 1060 Urbem

119 1104 274 1170 Nomine
291 1127 359 1170 non
375 1125 457 1169 vero
474 1103 566 1168 dicta
585 1101 738 1167 Corinna
756 1101 852 1165 mihi.
1097 1122 1133 1176 ⁶0

76 1212 188 1277 Multa
205 1212 345 1299 quidem
362 1211 504 1296 scripsi3
532 1210 593 1275 sed
610 1231 699 1296 quae
716 1209 837 1274 vitiosa
854 1210 985 1296 putavi,

117 1319 362 1384 Emendaturis
378 1319 517 1406 ignibus
535 1317 608 1402 ipse
626 1317 721 1382 dedi.
946 1318 1129 1406 [cremavi‚

74 1425 176 1490 Tunc
216 1447 366 1512 quoque,
411 1447 490 1490 cum
529 1426 700 1513 fugerem,
740 1424 913 1512 quaedam
962 1427 1130 1512 placitura

117 1533 230 1597 Iratus
248 1533 359 1596 studio
376 1532 654 1619 carminibusque
673 1531 771 1597 meis.

73 1640 184 1705 Molle
202 1638 405 1724 Cupidineis
423 1661 488 1704 nec
504 1639 776 1726 inexpugnabile
793 1640 870 1705 telis
916 1632 919 1641 Δ
1096 1661 1129 1728 65

116 1746 189 1813 Cor
207 1747 303 1821 mihi,
322 1747 481 1833 quodque
499 1747 583 1811 levis
600 1768 705 1811 causa
724 1758 887 1822 moveret,
907 1758 992 1812 erat.

72 1855 164 1920 Cum
183 1865 298 1918 tamen
316 1853 372 1917 hic
389 1874 514 1928 essem,
533 1853 743 1940 minimoque
762 1856 972 1921 accenderer
988 1855 1083 1944 igne,

116 1960 269 2026 Nomine
288 1960 351 2024 sub
368 1972 483 2026 nostro
500 1961 617 2025 sabula
635 1962 728 2025 nulla
746 1962 820 2026 fuit.

71 2067 193 2132 Paene
211 2067 293 2130 mihi
310 2089 418 2152 puero
432 2088 499 2132 nec
515 2069 622 2156 digna
640 2091 705 2133 nec
721 2070 812 2135 utilis
829 2092 918 2136 uxor

116 2174 180 2239 Est
196 2175 288 2249 data,
307 2196 395 2261 quae
412 2185 547 2260 tempus
564 2197 625 2260 per
641 2177 745 2241 breve
762 2190 868 2262 nupta
885 2177 958 2244 fuit.
1096 2209 1129 2263 70

69 2281 126 2346 Illi
144 2280 320 2355 successit,
340 2282 497 2366 quamvis
514 2282 588 2346 sine
605 2283 748 2348 crimine
766 2285 932 2372 conjunx,
1017 2359 1019 2365 Ι

115 2387 198 2452 Non
216 2399 330 2452 tamen
348 2388 382 2451 in
399 2399 514 2453 nostro
530 2390 630 2453 firma
646 2389 759 2454 sutura
776 2402 863 2456 toro.

68 2495 216 2570 Ultima,
233 2516 322 2581 quae
339 2516 474 2559 mecum
491 2517 585 2560 seros
601 2497 791 2581 permansit
807 2498 841 2562 in
860 2520 981 2575 annos,

115 2601 286 2666 Sustinuit
302 2602 453 2688 conjunx
470 2604 599 2667 exsulis
617 2625 693 2668 esse
709 2605 785 2668 viri.

67 2708 160 2773 Filia
179 2730 233 2772 me
250 2730 326 2772 mea
343 2709 396 2772 bis
413 2712 523 2793 prima
540 2709 689 2776 secunda
702 2711 859 2799 juventa,

114 2815 187 2880 Sed
205 2837 273 2879 non
291 2837 335 2879 ex
351 2837 419 2880 uno
437 2815 599 2903 conjuge,
618 2817 698 2882 fecit
714 2840 838 2894 avum;

68 2921 113 2986 Et
126 2922 199 3009 jam
218 2923 405 3006 complerat
422 2923 557 3008 genitor
574 2945 637 2989 sua
654 2925 736 3000 sata,
756 2948 948 3015 novemque

113 3028 308 3092 Addiderat
324 3029 437 3094 lustris
455 3030 562 3094 altera
581 3032 687 3096 lustra
703 3054 840 3097 novem.

65 3135 149 3200 Non
168 3134 266 3199 aliter
281 3134 373 3210 flevi,
391 3157 496 3223 quam
518 3159 573 3202 me
589 3139 729 3204 fleturus
747 3142 943 3227 ademptum
1004 3183 1006 3186 >

112 3241 176 3306 Ille
192 3241 266 3306 suit.
318 3241 423 3306 Matri
444 3245 601 3329 proxima
614 3247 706 3334 justa
723 3248 795 3312 tuli.

64 3349 203 3414 Felices
221 3350 322 3414 ambo
341 3356 611 3441 tempestiveque
629 3356 765 3441 sepulti,
875 3340 877 3343 ⁵

111 3453 204 3520 Ante
222 3456 312 3521 diem
333 3481 465 3545 poenae
482 3463 573 3548 quod
591 3463 722 3548 periere
740 3462 859 3530 meael

65 3561 127 3626 Me
145 3585 280 3651 quoque
299 3569 447 3646 felicem,
466 3570 558 3656 quod
575 3594 643 3636 non
659 3571 851 3638 viventibus
868 3573 935 3637 illis

111 3668 198 3736 Sum
217 3675 334 3751 miser,
355 3677 447 3741 etde
465 3699 518 3741 me
535 3680 626 3763 quod
643 3680 783 3744 doluere
801 3681 898 3744 nihil.

64 3779 104 3846 Si
120 3793 237 3849 tamen
255 3784 431 3850 exstinctis
448 3785 577 3872 aliquid
594 3786 660 3853 nisi
676 3788 818 3854 nomina
832 3799 951 3866 restat,
1088 3809 1125 3876 ὃς

99 3887 147 3948 Et
155 3888 301 3972 gracilis
314 3901 463 3956 structos
481 3892 608 3986 effugit
625 3899 756 3968 umbra
771 3923 907 3994 rugosi
