2444 4134
103 156 250 230 V11.70.]
311 106 312 110 Ἰ
361 138 433 205 She
455 141 644 205 discourses
666 140 750 206 with
773 140 916 225 herself.
1113 146 1156 226 07

148 338 219 403 ‘Di
237 337 380 403 meliora
395 336 521 401 velint:
546 359 754 425 quamquam
772 359 841 402 non
857 338 920 402 ista
938 340 1125 423 precanda,

102 447 163 510 sed
181 445 342 510 facienda
360 444 454 508 mihi.
502 443 696 509 Prodamne
713 466 782 532 ego
797 465 906 532 regna
923 447 1088 530 parentis,

103 568 204 638 atque
221 573 288 635 ope
305 551 514 636 nescioquis
530 550 721 615 servabitur
738 552 872 616 advena
890 565 1019 628 nostra,

101 672 138 721 ut
155 680 216 742 per
234 680 289 721 me
306 678 425 742 sospes
442 657 515 720 sine
534 679 587 720 me
604 658 660 722 det
677 658 780 722 lintea
799 659 920 735 ventis,
1121 691 1157 743 40

100 766 221 851 virque
238 765 282 829 sit
297 764 450 837 alterius,
470 785 601 848 poenae
619 763 746 829 Medea
763 763 960 852 relinquar?

73 942 78 949 ,
101 872 129 935 si
146 872 262 935 facere
280 871 360 945 hoc,
378 871 526 934 aliamve
544 882 653 956 potest
668 893 881 957 praeponere
898 873 1009 946 nobis,

61 1032 67 1042 .
100 979 237 1043 occidat
251 978 421 1065 ingratus.
470 977 542 1043 Sed
558 999 626 1042 non
643 977 672 1042 is
689 979 802 1043 vultus
818 978 853 1043 in
870 979 942 1055 illo,

100 1107 169 1150 non
187 1106 230 1148 ea
246 1085 406 1150 nobilitas
423 1084 537 1149 animo
553 1098 618 1157 est,
637 1105 677 1149 ea
695 1086 806 1171 gratia
823 1085 968 1161 formae,

100 1205 136 1257 ut
151 1193 292 1256 timeam
311 1191 466 1255 fraudem
484 1191 662 1278 meritique
678 1191 805 1256 oblivia
822 1194 940 1257 nostri.
1120 1225 1154 1279 45

101 1310 134 1363 et
150 1299 246 1363 dabit
262 1311 340 1362 ante
357 1297 459 1362 fidem
473 1321 481 1370 3
508 1319 700 1384 cogamque
717 1297 752 1362 in
771 1299 909 1364 foedera
925 1312 1028 1365 testes

101 1427 176 1471 esse
193 1405 290 1470 deos.
342 1403 438 1488 Quin
453 1417 525 1469 tuta
540 1404 660 1469 timesi
687 1405 883 1493 accingere,
902 1419 936 1471 et
950 1427 1089 1472 omnem

100 1514 191 1598 pelle
209 1533 363 1577 moram:
389 1513 448 1576 tibi
465 1533 503 1577 se
518 1534 656 1597 semper
672 1513 809 1577 debebit
826 1512 942 1588 I'asou,

100 1633 132 1684 te
149 1619 226 1684 face
243 1619 400 1684 sollemni
414 1618 537 1706 junget
553 1618 631 1692 sibi,
650 1640 779 1705 perque
795 1618 963 1707 Pelasgas

101 1726 270 1791 servatrix
286 1726 389 1789 urbes
406 1738 552 1788 matrum
570 1726 791 1790 celebrabere
807 1728 918 1791 turba.
1123 1757 1156 1812 50

147 1844 156 1872 ‘
170 1832 267 1919 Ergo
280 1853 347 1918 ego
360 1852 562 1918 germanam
575 1831 781 1918 fratremque
794 1846 993 1920 patremque
1003 1834 1156 1921 deosque

100 1951 133 2003 et
149 1940 264 2002 natale
282 1939 406 2012 solum,
425 1938 534 2002 ventis
552 1939 680 2012 ablata,
698 1938 913 2026 relinquam?

100 2066 226 2128 nempe
244 2055 341 2129 pater
356 2065 495 2119 saevus,
514 2065 639 2128 nempe
655 2058 707 2110 est
724 2067 799 2110 mea
816 2047 963 2111 barbara
979 2048 1092 2121 tellus,

100 2154 205 2215 frater
221 2152 335 2215 adhuc
351 2150 486 2215 infans:
511 2162 601 2216 stant
618 2172 751 2216 mecum
771 2165 847 2217 vota
864 2153 1009 2226 sororis3

99 2258 274 2322 maximus
290 2258 377 2321 intra
396 2279 450 2321 me
466 2258 552 2322 deus
569 2269 630 2322 est.
680 2257 761 2322 Non
779 2279 906 2344 magna
923 2261 1135 2346 relinquam3

98 2386 229 2452 magna
246 2385 391 2450 sequar:
417 2364 549 2428 titulum
568 2377 723 2429 servatae
740 2365 840 2449 pubis
856 2361 1027 2441 Achivae,

97 2473 322 2558 notitiamque
340 2471 405 2536 loci
424 2471 586 2545 melioris,
605 2483 638 2535 et
654 2471 794 2555 oppida,
811 2493 955 2557 quorum

98 2579 155 2643 hic
170 2599 308 2665 quoque
324 2578 416 2642 fama
433 2579 539 2664 viget,
558 2578 736 2664 cultusque
753 2592 908 2665 artesque
926 2580 1099 2654 locorum;

98 2706 269 2771 quemque
285 2706 353 2772 ego
369 2706 447 2749 cum
465 2685 580 2759 rebus,
598 2705 685 2770 quas
702 2696 790 2749 totus
807 2687 957 2770 possidet
972 2687 1076 2761 orbis,

97 2789 299 2855 Aesoniden
316 2805 466 2856 mutasse
483 2792 599 2864 velim,
616 2812 685 2876 quo
702 2791 849 2878 conjuge
867 2791 950 2855 felix
1113 2809 1150 2862 60

97 2912 131 2965 et
146 2901 200 2964 dis
217 2921 298 2964 cara
314 2900 417 2975 ferar,
436 2912 469 2965 et
486 2902 612 2964 vertice
629 2901 742 2975 sidera
758 2913 911 2986 tangam.
941 2959 944 2966 .

144 3005 278 3089 ‘Quid
294 3006 386 3093 quod
401 3008 517 3072 nescio
533 3008 591 3092 qui
609 3008 730 3072 mediis
747 3007 919 3070 incurrere
937 3007 970 3070 in
988 3009 1088 3074 undis

95 3114 257 3178 dicuntur
274 3127 417 3187 montes,
436 3114 632 3200 ratibusque
649 3114 786 3178 inimica
805 3111 1003 3198 Charybdis

95 3241 189 3284 nunc
205 3218 343 3284 sorbere
359 3219 495 3294 fretum,
514 3241 607 3285 nunc
623 3221 780 3293 reddere,
800 3220 979 3305 cinctaque
997 3222 1109 3288 saevis

94 3325 217 3412 Scylla
234 3347 343 3410 rapax
359 3328 503 3391 canibus
520 3325 637 3391 Siculo
655 3329 778 3392 latrare
796 3324 988 3412 profundo?
1110 3346 1145 3416 ⁶5

93 3454 221 3517 nempe
234 3445 353 3497 tenens
364 3434 456 3519 quod
469 3454 560 3505 amo,
576 3434 775 3520 gremioque
788 3434 822 3498 in
836 3432 969 3499 Iasonis
985 3435 1144 3511 haerens,

94 3562 157 3626 per
174 3539 258 3603 freta
276 3540 380 3626 longa
397 3539 499 3604 ferar.
548 3539 645 3603 N1hil
663 3540 759 3604 illum
777 3541 938 3624 amplexa
953 3542 1118 3616 verebor3

93 3657 165 3715 aur,
181 3646 211 3707 si
226 3646 309 3725 quid
321 3658 485 3720 metuam,
504 3659 656 3714 metuam
676 3652 719 3716 de
738 3648 890 3744 coniuge
906 3649 995 3720 solo.

74 3744 321 3823 conjuginmne
337 3768 454 3824 νθθᾶε,
474 3757 717 3854 speciosaque
737 3765 891 3836 nomina
908 3767 1040 3856 culpae

55 3839 219 3915 imponis,
239 3843 385 3926 Medea,
408 3861 520 3930 tuae?
544 3872 639 3959 quin
662 3880 814 3971 aspice,
835 3895 1025 3977 quantum
1176 3903 1202 3957 '¹‘
