2444 4134
89 133 254 207 V11.212.]
334 116 417 184 Her
438 117 639 205 Moonligltt
662 115 915 183 lncantatr'ons.
1104 129 1145 200 71

136 313 228 379 Tres
245 316 389 380 aberant
405 327 535 390 noctes,
554 326 591 379 ut
607 336 736 380 cornua
753 327 822 380 tota
839 313 969 380 coirent

91 423 336 509 efficerentque
353 424 483 489 orbem.
533 423 718 510 Postquam
738 423 936 509 plenissima
952 422 1058 498 t'ulsit,
1100 440 1148 494 180

92 550 134 595 ac
150 529 262 595 solida
278 541 387 594 terras
405 532 571 615 spectavit
586 530 739 617 imagine
756 530 853 606 luna,

92 637 270 724 egreditur
285 636 383 701 tectis
401 648 512 702 vestes
529 637 647 701 induta
665 636 846 711 recinctus,

92 745 186 808 nuda
204 745 342 829 pedem,
362 743 471 808 nudos
490 743 641 808 humeris
657 742 770 806 infusa
787 743 943 827 capillos,

93 850 225 937 fertque
243 871 352 938 vagos
371 849 503 914 mediae
521 871 583 933 per
599 861 691 913 muta
708 850 843 914 silentia
860 849 968 915 noctis

92 956 291 1022 incomitata
308 958 451 1044 gradus.
502 955 670 1020 Homines
686 956 912 1042 volucresque
929 956 1088 1044 ferasque

94 1066 244 1129 solverat
260 1065 327 1129 alta
344 1063 462 1150 quies3
487 1063 583 1127 nullo
600 1082 677 1127 cum
696 1084 870 1127 murmure
886 1084 1006 1147 sepes;

93 1171 325 1257 immotaeque
341 1171 441 1236 silent
456 1170 614 1245 frondes3
639 1169 716 1234 silet
733 1169 894 1234 humidus
911 1175 990 1243 aem

94 1279 208 1342 sidera
226 1279 300 1342 sola
318 1278 455 1342 micant.
504 1276 561 1342 Ad
578 1297 667 1362 quae
685 1297 746 1340 sua
764 1277 927 1341 bracchia
945 1277 1089 1343 tendens

93 1398 145 1449 ter
160 1407 199 1450 se
215 1384 392 1459 convertit,
412 1397 463 1449 ter
479 1384 622 1468 sumptis
639 1382 780 1446 flumine
798 1383 926 1447 crinem

93 1491 258 1556 inroravit
274 1492 386 1578 aquis,
404 1492 576 1577 ternisque
593 1489 778 1554 ululatibus
795 1509 855 1554 ora
1101 1521 1149 1576 ¹90

94 1598 214 1671 solvit;
240 1610 273 1662 et
288 1600 323 1662 in
340 1599 427 1663 dura
443 1599 626 1663 summisso
643 1596 770 1681 poplite
787 1606 877 1660 terra
890 1618 898 1658 t
909 1633 954 1646 -

141 1704 265 1770 ‘Nox’
283 1705 328 1769 ait
345 1704 504 1770 ‘arcanis
520 1705 699 1777 fidissima,
718 1724 875 1790 quaeque
892 1703 1023 1768 diurnis

94 1834 200 1877 aurea
217 1833 295 1876 cum
313 1814 394 1876 luna
413 1812 593 1877 succeditis
610 1812 761 1899 ignibus,
781 1822 886 1884 alstra,

93 1932 199 2005 tuque
216 1919 341 2004 triceps
360 1900 507 1992 Hecate,
524 1939 614 2004 quae
631 1918 760 2003 coeptis
777 1917 915 1982 conscia
934 1918 1056 1983 nostris

95 2025 311 2112 adjutrixque
328 2026 436 2100 venis,
456 2037 643 2112 cantusque
663 2038 819 2111 artesque
838 2044 1019 2110 magorum
1099 2054 1146 2110 ¹9⁵

94 2153 253 2218 quaeque
270 2153 404 2218 magos,
423 2132 558 2204 Tellus,
578 2132 784 2217 pollentibus
801 2131 939 2196 instruis
958 2132 1085 2203 herbis,

94 2259 268 2324 auraeque
285 2249 318 2302 et
333 2239 423 2303 venti
442 2251 642 2325 montesque
659 2260 845 2325 amnesque
863 2239 1040 2323 lacusque,

95 2345 198 2430 dique
214 2367 334 2410 omnes
351 2367 542 2420 nemorum,
561 2345 663 2432 dique
680 2367 800 2410 omnes
817 2344 925 2410 noctis
943 2345 1072 2420 adeste,

94 2473 240 2538 quorum
256 2473 334 2537 ope,
355 2473 432 2516 cum
450 2453 555 2527 volui,
573 2453 655 2538 ripis
674 2453 873 2517 mirantibus
892 2473 1012 2516 amnes

94 2559 129 2621 in
147 2558 258 2622 sontes
274 2559 406 2624 rediere
423 2580 516 2633 suos,
535 2580 770 2645 concussaque
788 2560 882 2635 sisto,
1094 2591 1147 2632 200

95 2665 220 2731 stantia
236 2666 393 2730 concutio
409 2678 510 2730 cantu
528 2666 626 2741 freta,
645 2667 762 2730 nubila
779 2668 883 2752 pello,

95 2771 282 2858 nubilaque
298 2773 437 2847 induco,
457 2786 574 2838 ventos
592 2774 762 2860 abigoque
780 2795 947 2862 vocoque,

95 2877 252 2963 vipereas
268 2901 389 2964 rumpo
406 2880 519 2945 verbis
535 2892 568 2944 et
584 2881 736 2946 carmine
754 2881 884 2958 fauces,

95 2986 243 3071 vivaque
259 3007 358 3060 saxa,
376 3007 438 3053 sua
455 2987 688 3073 convulsaque
707 2990 829 3055 robora
845 3003 935 3055 terra

95 3103 128 3157 et
144 3093 249 3157 silvas
266 3078 399 3167 moveo,
414 3092 585 3180 jubeoque
604 3107 807 3162 tremescere
826 3110 958 3162 montes
1092 3111 1146 3183 '205

95 3211 128 3264 et
147 3197 279 3286 mugire
296 3200 419 3275 solum,
439 3222 625 3288 manesque
642 3203 736 3269 exire
753 3204 964 3289 sepulchris;

142 3305 217 3370 ‘Te
227 3327 376 3393 quoque,
389 3307 504 3384 Luna,
518 3313 629 3386 traho,
639 3311 797 3397 quamvis
807 3311 999 3375 Temesaea
1011 3311 1146 3376 labores

95 3433 176 3476 aera
193 3423 268 3478 tuos
285 3415 452 3490 minuant,
472 3439 592 3484 currus
610 3439 744 3504 quoque
762 3416 913 3481 carmine
931 3430 1045 3480 nostro

94 3520 200 3604 pallet
216 3520 283 3596 avi,
302 3525 409 3609 pallet
425 3524 549 3589 nostris
565 3522 702 3588 Aurora
719 3523 861 3588 venenis
873 3545 937 3585 t-

93 3647 156 3690 vos
173 3626 254 3690 mihi
273 3641 445 3692 tantorum
457 3629 618 3696 flammas
637 3629 839 3710 hebetastis,
857 3639 893 3698 et
905 3649 997 3696 unco
1099 3659 1154 3697 am

76 3728 260 3804 impatiens
273 3731 390 3795 onen's
407 3736 538 3802 collum
558 3741 743 3828 pressistis
762 3756 898 3814 aratro.

63 3840 121 3883 vos
135 3830 396 3915 serpentigenis
411 3839 449 3904 in
468 3863 509 3908 se
529 3848 609 3918 fera
630 3852 734 3928 bella
753 3859 943 3934 dedistiss
