<?xml version="1.0" encoding="UTF-8"?>
<!DOCTYPE html PUBLIC "-//W3C//DTD XHTML 1.0 Transitional//EN"
    "http://www.w3.org/TR/xhtml1/DTD/xhtml1-transitional.dtd">
<html xmlns="http://www.w3.org/1999/xhtml" xml:lang="en" lang="en">
 <head>
  <title>
</title>
<meta http-equiv="Content-Type" content="text/html;charset=utf-8" />
  <meta name='ocr-system' content='tesseract 3.04.00' />
  <meta name='ocr-capabilities' content='ocr_page ocr_carea ocr_par ocr_line ocrx_word'/>
</head>
<body>
  <div class='ocr_page' id='page_1' title='image "./publiovidinason00allegoog/publiovidinason00allegoog_0081.png"; bbox 0 0 2444 4134; ppageno 0'>
   <div class='ocr_carea' id='block_1_1' title="bbox 125 95 1177 224">
    <p class='ocr_par' dir='ltr' id='par_1_1' title="bbox 125 95 1177 224">
     <span class='ocr_line' id='line_1_1' title="bbox 125 95 1177 224; baseline 0.018 -32"><span class='ocrx_word' id='word_1_1' title='bbox 125 130 170 199; x_wconf 80' lang='lat'>66</span> <span class='ocrx_word' id='word_1_2' title='bbox 355 131 426 199; x_wconf 73' lang='lat' dir='ltr'>The</span> <span class='ocrx_word' id='word_1_3' title='bbox 447 132 721 200; x_wconf 78' lang='lat' dir='ltr'>Enchantments</span> <span class='ocrx_word' id='word_1_4' title='bbox 745 137 793 218; x_wconf 85' lang='lat' dir='ltr'>os</span> <span class='ocrx_word' id='word_1_5' title='bbox 805 133 946 200; x_wconf 82' lang='lat' dir='ltr'><em>Medea.</em></span> <span class='ocrx_word' id='word_1_6' title='bbox 1032 95 1177 224; x_wconf 63' lang='lat' dir='ltr'>[Mardis</span> 
     </span>
    </p>
   </div>
   <div class='ocr_carea' id='block_1_2' title="bbox 81 326 1198 3829">
    <p class='ocr_par' dir='ltr' id='par_1_2' title="bbox 127 326 1176 523">
     <span class='ocr_line' id='line_1_2' title="bbox 128 326 1176 420; baseline 0.004 -27"><span class='ocrx_word' id='word_1_7' title='bbox 128 330 301 417; x_wconf 90' lang='lat' dir='ltr'>multaque</span> <span class='ocrx_word' id='word_1_8' title='bbox 317 330 470 415; x_wconf 84' lang='lat' dir='ltr'><strong>perpessi</strong></span> <span class='ocrx_word' id='word_1_9' title='bbox 489 326 582 397; x_wconf 91' lang='lat' dir='ltr'>claro</span> <span class='ocrx_word' id='word_1_10' title='bbox 599 332 662 396; x_wconf 89' lang='lat' dir='ltr'>sub</span> <span class='ocrx_word' id='word_1_11' title='bbox 681 331 804 396; x_wconf 76' lang='lat' dir='ltr'>l&#39;asone</span> <span class='ocrx_word' id='word_1_12' title='bbox 821 333 958 397; x_wconf 91' lang='lat' dir='ltr'>tandem</span> <span class='ocrx_word' id='word_1_13' title='bbox 1163 364 1176 420; x_wconf 75' lang='grc' dir='ltr'>ς</span> 
     </span>
     <span class='ocr_line' id='line_1_3' title="bbox 127 437 948 523; baseline 0.001 -22"><span class='ocrx_word' id='word_1_14' title='bbox 127 437 341 523; x_wconf 85' lang='lat' dir='ltr'>contigerant</span> <span class='ocrx_word' id='word_1_15' title='bbox 357 438 496 522; x_wconf 89' lang='lat' dir='ltr'>rapidas</span> <span class='ocrx_word' id='word_1_16' title='bbox 512 438 622 503; x_wconf 90' lang='lat' dir='ltr'>limosi</span> <span class='ocrx_word' id='word_1_17' title='bbox 641 437 809 504; x_wconf 86' lang='lat' dir='ltr'>Phasidos</span> <span class='ocrx_word' id='word_1_18' title='bbox 827 440 948 503; x_wconf 91' lang='lat' dir='ltr'>undas.</span> 
     </span>
    </p>

    <p class='ocr_par' dir='ltr' id='par_1_3' title="bbox 126 542 1198 1488">
     <span class='ocr_line' id='line_1_4' title="bbox 171 542 1175 633; baseline 0.006 -26"><span class='ocrx_word' id='word_1_19' title='bbox 171 542 332 629; x_wconf 86' lang='lat' dir='ltr'>Dumque</span> <span class='ocrx_word' id='word_1_20' title='bbox 350 544 477 608; x_wconf 92' lang='lat' dir='ltr'>adeunt</span> <span class='ocrx_word' id='word_1_21' title='bbox 493 566 624 632; x_wconf 85' lang='lat' dir='ltr'>regem,</span> <span class='ocrx_word' id='word_1_22' title='bbox 640 543 858 633; x_wconf 84' lang='lat' dir='ltr'><strong>Phrixeaque</strong></span> <span class='ocrx_word' id='word_1_23' title='bbox 871 546 1002 610; x_wconf 88' lang='lat' dir='ltr'>vellera</span> <span class='ocrx_word' id='word_1_24' title='bbox 1020 560 1175 632; x_wconf 84' lang='lat' dir='ltr'>poscunt,</span> 
     </span>
     <span class='ocr_line' id='line_1_5' title="bbox 126 651 1145 738; baseline 0.002 -23"><span class='ocrx_word' id='word_1_25' title='bbox 126 670 261 735; x_wconf 85' lang='lat' dir='ltr'>voxque</span> <span class='ocrx_word' id='word_1_26' title='bbox 278 651 377 713; x_wconf 89' lang='lat' dir='ltr'>datur</span> <span class='ocrx_word' id='word_1_27' title='bbox 393 651 544 715; x_wconf 89' lang='lat' dir='ltr'>numeris</span> <span class='ocrx_word' id='word_1_28' title='bbox 563 672 765 738; x_wconf 83' lang='lat' dir='ltr'>magnorum</span> <span class='ocrx_word' id='word_1_29' title='bbox 786 652 955 716; x_wconf 92' lang='lat' dir='ltr'>horrenda</span> <span class='ocrx_word' id='word_1_30' title='bbox 972 653 1145 729; x_wconf 89' lang='lat' dir='ltr'>laborum,</span> 
     </span>
     <span class='ocr_line' id='line_1_6' title="bbox 127 756 859 844; baseline 0.003 -24"><span class='ocrx_word' id='word_1_31' title='bbox 127 756 273 841; x_wconf 88' lang='lat' dir='ltr'>concipit</span> <span class='ocrx_word' id='word_1_32' title='bbox 290 756 418 820; x_wconf 90' lang='lat' dir='ltr'>interea</span> <span class='ocrx_word' id='word_1_33' title='bbox 435 757 567 821; x_wconf 88' lang='lat' dir='ltr'>validos</span> <span class='ocrx_word' id='word_1_34' title='bbox 582 756 724 822; x_wconf 88' lang='lat' dir='ltr'>Aeetias</span> <span class='ocrx_word' id='word_1_35' title='bbox 741 757 859 844; x_wconf 78' lang='lat' dir='ltr'>ignes3</span> 
     </span>
     <span class='ocr_line' id='line_1_7' title="bbox 126 863 1198 954; baseline 0.003 -27"><span class='ocrx_word' id='word_1_36' title='bbox 126 875 160 927; x_wconf 89' lang='lat' dir='ltr'>et</span> <span class='ocrx_word' id='word_1_37' title='bbox 175 863 300 927; x_wconf 86' lang='lat' dir='ltr'>luctata</span> <span class='ocrx_word' id='word_1_38' title='bbox 317 863 389 937; x_wconf 89' lang='lat' dir='ltr'>diu,</span> <span class='ocrx_word' id='word_1_39' title='bbox 407 875 586 950; x_wconf 82' lang='lat' dir='ltr'>postquam</span> <span class='ocrx_word' id='word_1_40' title='bbox 605 865 733 928; x_wconf 89' lang='lat' dir='ltr'>ratione</span> <span class='ocrx_word' id='word_1_41' title='bbox 752 865 900 929; x_wconf 89' lang='lat' dir='ltr'>surorem</span> <span class='ocrx_word' id='word_1_42' title='bbox 1148 899 1177 938; x_wconf 84' lang='lat'>10</span> <span class='ocrx_word' id='word_1_43' title='bbox 1196 946 1198 954; x_wconf 27' lang='grc' dir='ltr'>Ι</span> 
     </span>
     <span class='ocr_line' id='line_1_8' title="bbox 126 969 1087 1061; baseline 0.005 -30"><span class='ocrx_word' id='word_1_44' title='bbox 126 969 264 1033; x_wconf 88' lang='lat' dir='ltr'>vincere</span> <span class='ocrx_word' id='word_1_45' title='bbox 281 991 349 1034; x_wconf 91' lang='lat' dir='ltr'>non</span> <span class='ocrx_word' id='word_1_46' title='bbox 367 981 509 1055; x_wconf 87' lang='lat' dir='ltr'>poterat,</span> <span class='ocrx_word' id='word_1_47' title='bbox 531 983 539 1010; x_wconf 80' lang='lat'>⁶</span> <span class='ocrx_word' id='word_1_48' title='bbox 554 969 708 1044; x_wconf 88' lang='lat' dir='ltr'>Frustra,</span> <span class='ocrx_word' id='word_1_49' title='bbox 727 969 869 1047; x_wconf 84' lang='lat' dir='ltr'>Medea,</span> <span class='ocrx_word' id='word_1_50' title='bbox 888 993 1087 1061; x_wconf 73' lang='lat' dir='ltr'>repugnase</span> 
     </span>
     <span class='ocr_line' id='line_1_9' title="bbox 127 1076 1154 1165; baseline 0.006 -25"><span class='ocrx_word' id='word_1_51' title='bbox 127 1076 335 1162; x_wconf 88' lang='lat' dir='ltr'>nescioquis</span> <span class='ocrx_word' id='word_1_52' title='bbox 352 1076 437 1140; x_wconf 89' lang='lat' dir='ltr'>deus</span> <span class='ocrx_word' id='word_1_53' title='bbox 454 1077 583 1141; x_wconf 91' lang='lat' dir='ltr'>obstat&#39;</span> <span class='ocrx_word' id='word_1_54' title='bbox 598 1076 655 1150; x_wconf 91' lang='lat' dir='ltr'>ait,</span> <span class='ocrx_word' id='word_1_55' title='bbox 677 1078 905 1165; x_wconf 87' lang='lat' dir='ltr'>‘mirumque,</span> <span class='ocrx_word' id='word_1_56' title='bbox 924 1079 988 1144; x_wconf 90' lang='lat' dir='ltr'>nisi</span> <span class='ocrx_word' id='word_1_57' title='bbox 1006 1081 1073 1146; x_wconf 92' lang='lat' dir='ltr'>hoc</span> <span class='ocrx_word' id='word_1_58' title='bbox 1091 1091 1154 1156; x_wconf 90' lang='lat' dir='ltr'>est,</span> 
     </span>
     <span class='ocr_line' id='line_1_10' title="bbox 127 1183 1093 1270; baseline 0.004 -24"><span class='ocrx_word' id='word_1_59' title='bbox 127 1194 184 1247; x_wconf 87' lang='lat' dir='ltr'>aut</span> <span class='ocrx_word' id='word_1_60' title='bbox 201 1183 329 1268; x_wconf 90' lang='lat' dir='ltr'>aliquid</span> <span class='ocrx_word' id='word_1_61' title='bbox 347 1195 437 1247; x_wconf 90' lang='lat' dir='ltr'>certe</span> <span class='ocrx_word' id='word_1_62' title='bbox 453 1184 564 1248; x_wconf 90' lang='lat' dir='ltr'>simile</span> <span class='ocrx_word' id='word_1_63' title='bbox 582 1184 674 1256; x_wconf 89' lang='lat' dir='ltr'>huic,</span> <span class='ocrx_word' id='word_1_64' title='bbox 694 1185 784 1270; x_wconf 89' lang='lat' dir='ltr'>quod</span> <span class='ocrx_word' id='word_1_65' title='bbox 801 1206 922 1248; x_wconf 83' lang='lat' dir='ltr'>amare</span> <span class='ocrx_word' id='word_1_66' title='bbox 938 1198 1093 1252; x_wconf 90' lang='lat' dir='ltr'>vocatur.</span> 
     </span>
     <span class='ocr_line' id='line_1_11' title="bbox 126 1290 1077 1376; baseline 0.005 -24"><span class='ocrx_word' id='word_1_67' title='bbox 126 1310 206 1352; x_wconf 87' lang='lat' dir='ltr'>nam</span> <span class='ocrx_word' id='word_1_68' title='bbox 224 1310 285 1353; x_wconf 91' lang='lat' dir='ltr'>cur</span> <span class='ocrx_word' id='word_1_69' title='bbox 297 1290 394 1376; x_wconf 89' lang='lat' dir='ltr'>jussa</span> <span class='ocrx_word' id='word_1_70' title='bbox 411 1291 516 1373; x_wconf 92' lang='lat' dir='ltr'>patris</span> <span class='ocrx_word' id='word_1_71' title='bbox 534 1291 675 1353; x_wconf 91' lang='lat' dir='ltr'>nimium</span> <span class='ocrx_word' id='word_1_72' title='bbox 695 1291 777 1354; x_wconf 93' lang='lat' dir='ltr'>mihi</span> <span class='ocrx_word' id='word_1_73' title='bbox 794 1291 880 1355; x_wconf 87' lang='lat' dir='ltr'>dura</span> <span class='ocrx_word' id='word_1_74' title='bbox 896 1290 1077 1358; x_wconf 85' lang='lat' dir='ltr'>videntur?</span> 
     </span>
     <span class='ocr_line' id='line_1_12' title="bbox 126 1395 1176 1488; baseline 0.003 -26"><span class='ocrx_word' id='word_1_75' title='bbox 126 1408 204 1462; x_wconf 91' lang='lat' dir='ltr'>sunt</span> <span class='ocrx_word' id='word_1_76' title='bbox 228 1417 364 1484; x_wconf 91' lang='lat' dir='ltr'>quoque</span> <span class='ocrx_word' id='word_1_77' title='bbox 389 1396 475 1460; x_wconf 88' lang='lat' dir='ltr'>dura</span> <span class='ocrx_word' id='word_1_78' title='bbox 499 1397 612 1461; x_wconf 87' lang='lat' dir='ltr'>nimis.</span> <span class='ocrx_word' id='word_1_79' title='bbox 663 1395 747 1472; x_wconf 90' lang='lat' dir='ltr'>Cur,</span> <span class='ocrx_word' id='word_1_80' title='bbox 774 1419 876 1484; x_wconf 91' lang='lat' dir='ltr'>quem</span> <span class='ocrx_word' id='word_1_81' title='bbox 903 1398 1004 1463; x_wconf 89' lang='lat' dir='ltr'>modo</span> <span class='ocrx_word' id='word_1_82' title='bbox 1028 1400 1176 1488; x_wconf 90' lang='lat' dir='ltr'>denique</span> 
     </span>
    </p>

    <p class='ocr_par' dir='ltr' id='par_1_4' title="bbox 121 1503 1177 3086">
     <span class='ocr_line' id='line_1_13' title="bbox 261 1503 1175 1594; baseline 0.002 -29"><span class='ocrx_word' id='word_1_83' title='bbox 261 1503 344 1577; x_wconf 78' lang='lat' dir='ltr'>Vidi,</span> <span class='ocrx_word' id='word_1_84' title='bbox 1148 1539 1175 1594; x_wconf 69' lang='grc' dir='ltr'>ις</span> 
     </span>
     <span class='ocr_line' id='line_1_14' title="bbox 125 1609 961 1698; baseline 0.004 -24"><span class='ocrx_word' id='word_1_85' title='bbox 125 1631 169 1674; x_wconf 91' lang='lat' dir='ltr'>ne</span> <span class='ocrx_word' id='word_1_86' title='bbox 186 1623 314 1695; x_wconf 91' lang='lat' dir='ltr'>pereat,</span> <span class='ocrx_word' id='word_1_87' title='bbox 333 1609 458 1675; x_wconf 83' lang='lat' dir='ltr'>timeo?</span> <span class='ocrx_word' id='word_1_88' title='bbox 483 1632 571 1698; x_wconf 90' lang='lat' dir='ltr'>quae</span> <span class='ocrx_word' id='word_1_89' title='bbox 588 1609 670 1676; x_wconf 92' lang='lat' dir='ltr'>tanti</span> <span class='ocrx_word' id='word_1_90' title='bbox 689 1632 793 1676; x_wconf 88' lang='lat' dir='ltr'>causa</span> <span class='ocrx_word' id='word_1_91' title='bbox 810 1609 961 1677; x_wconf 88' lang='lat' dir='ltr'>timoris?</span> 
     </span>
     <span class='ocr_line' id='line_1_15' title="bbox 125 1716 963 1803; baseline 0.004 -23"><span class='ocrx_word' id='word_1_92' title='bbox 125 1729 247 1781; x_wconf 87' lang='lat' dir='ltr'>excute</span> <span class='ocrx_word' id='word_1_93' title='bbox 264 1716 420 1802; x_wconf 87' lang='lat' dir='ltr'>virgineo</span> <span class='ocrx_word' id='word_1_94' title='bbox 438 1732 621 1802; x_wconf 90' lang='lat' dir='ltr'>conceptas</span> <span class='ocrx_word' id='word_1_95' title='bbox 639 1733 775 1803; x_wconf 82' lang='lat' dir='ltr'>pectore</span> <span class='ocrx_word' id='word_1_96' title='bbox 791 1717 963 1794; x_wconf 87' lang='lat' dir='ltr'>flammas,</span> 
     </span>
     <span class='ocr_line' id='line_1_16' title="bbox 125 1823 968 1910; baseline 0 -22"><span class='ocrx_word' id='word_1_97' title='bbox 125 1823 153 1888; x_wconf 91' lang='lat' dir='ltr'>si</span> <span class='ocrx_word' id='word_1_98' title='bbox 170 1835 278 1908; x_wconf 91' lang='lat' dir='ltr'>potes,</span> <span class='ocrx_word' id='word_1_99' title='bbox 298 1823 428 1888; x_wconf 85' lang='lat' dir='ltr'>inl&#39;elix.</span> <span class='ocrx_word' id='word_1_100' title='bbox 479 1823 516 1888; x_wconf 89' lang='lat' dir='ltr'>Si</span> <span class='ocrx_word' id='word_1_101' title='bbox 535 1846 685 1910; x_wconf 92' lang='lat' dir='ltr'>possem,</span> <span class='ocrx_word' id='word_1_102' title='bbox 703 1827 819 1889; x_wconf 91' lang='lat' dir='ltr'>sanior</span> <span class='ocrx_word' id='word_1_103' title='bbox 834 1847 968 1890; x_wconf 80' lang='lat' dir='ltr'>essem:</span> 
     </span>
     <span class='ocr_line' id='line_1_17' title="bbox 125 1932 1017 2018; baseline 0.003 -22"><span class='ocrx_word' id='word_1_104' title='bbox 125 1932 185 1996; x_wconf 88' lang='lat' dir='ltr'>sed</span> <span class='ocrx_word' id='word_1_105' title='bbox 203 1943 325 2017; x_wconf 87' lang='lat' dir='ltr'>gravat</span> <span class='ocrx_word' id='word_1_106' title='bbox 341 1933 480 1996; x_wconf 89' lang='lat' dir='ltr'>invitam</span> <span class='ocrx_word' id='word_1_107' title='bbox 498 1955 587 1997; x_wconf 91' lang='lat' dir='ltr'>nova</span> <span class='ocrx_word' id='word_1_108' title='bbox 604 1934 675 2005; x_wconf 90' lang='lat' dir='ltr'>vis;</span> <span class='ocrx_word' id='word_1_109' title='bbox 702 1933 861 2018; x_wconf 86' lang='lat' dir='ltr'>aliudque</span> <span class='ocrx_word' id='word_1_110' title='bbox 879 1933 1017 2018; x_wconf 90' lang='lat' dir='ltr'>cupid0‚</span> 
     </span>
     <span class='ocr_line' id='line_1_18' title="bbox 126 2038 1177 2126; baseline 0.001 -24"><span class='ocrx_word' id='word_1_111' title='bbox 126 2060 222 2103; x_wconf 91' lang='lat' dir='ltr'>mens</span> <span class='ocrx_word' id='word_1_112' title='bbox 239 2039 331 2103; x_wconf 89' lang='lat' dir='ltr'>aliud</span> <span class='ocrx_word' id='word_1_113' title='bbox 348 2040 480 2104; x_wconf 76' lang='lat' dir='ltr'>suadet·</span> <span class='ocrx_word' id='word_1_114' title='bbox 528 2038 640 2104; x_wconf 89' lang='lat' dir='ltr'>Video</span> <span class='ocrx_word' id='word_1_115' title='bbox 658 2041 812 2113; x_wconf 86' lang='lat' dir='ltr'>meliora,</span> <span class='ocrx_word' id='word_1_116' title='bbox 832 2041 1028 2126; x_wconf 84' lang='lat' dir='ltr'>proboque:</span> <span class='ocrx_word' id='word_1_117' title='bbox 1144 2071 1177 2112; x_wconf 82' lang='lat'>20</span> 
     </span>
     <span class='ocr_line' id='line_1_19' title="bbox 124 2145 1120 2234; baseline 0.001 -24"><span class='ocrx_word' id='word_1_118' title='bbox 124 2146 291 2211; x_wconf 84' lang='lat' dir='ltr'>deteriora</span> <span class='ocrx_word' id='word_1_119' title='bbox 309 2168 445 2232; x_wconf 88' lang='lat' dir='ltr'>sequor.</span> <span class='ocrx_word' id='word_1_120' title='bbox 497 2145 591 2231; x_wconf 68' lang='lat' dir='ltr'>Quid</span> <span class='ocrx_word' id='word_1_121' title='bbox 609 2147 642 2209; x_wconf 94' lang='lat' dir='ltr'>in</span> <span class='ocrx_word' id='word_1_122' title='bbox 661 2147 805 2231; x_wconf 89' lang='lat' dir='ltr'>hospite,</span> <span class='ocrx_word' id='word_1_123' title='bbox 824 2146 920 2232; x_wconf 79' lang='lat' dir='ltr'>regia</span> <span class='ocrx_word' id='word_1_124' title='bbox 938 2147 1050 2234; x_wconf 87' lang='lat' dir='ltr'>virgo,</span> <span class='ocrx_word' id='word_1_125' title='bbox 1117 2191 1120 2196; x_wconf 89' lang='lat'>-</span> 
     </span>
     <span class='ocr_line' id='line_1_20' title="bbox 124 2251 905 2339; baseline -0.001 -21"><span class='ocrx_word' id='word_1_126' title='bbox 124 2255 245 2328; x_wconf 87' lang='lat' dir='ltr'>ureris,</span> <span class='ocrx_word' id='word_1_127' title='bbox 264 2268 297 2320; x_wconf 87' lang='lat' dir='ltr'>et</span> <span class='ocrx_word' id='word_1_128' title='bbox 313 2256 482 2319; x_wconf 86' lang='lat' dir='ltr'>thalamos</span> <span class='ocrx_word' id='word_1_129' title='bbox 501 2255 601 2318; x_wconf 92' lang='lat' dir='ltr'>alieni</span> <span class='ocrx_word' id='word_1_130' title='bbox 620 2255 773 2339; x_wconf 88' lang='lat' dir='ltr'>concipis</span> <span class='ocrx_word' id='word_1_131' title='bbox 791 2251 905 2318; x_wconf 88' lang='lat' dir='ltr'>orbis?</span> 
     </span>
     <span class='ocr_line' id='line_1_21' title="bbox 124 2358 1173 2448; baseline 0.002 -24"><span class='ocrx_word' id='word_1_132' title='bbox 124 2361 212 2426; x_wconf 89' lang='lat' dir='ltr'>haec</span> <span class='ocrx_word' id='word_1_133' title='bbox 236 2383 371 2448; x_wconf 91' lang='lat' dir='ltr'>quoque</span> <span class='ocrx_word' id='word_1_134' title='bbox 397 2375 486 2426; x_wconf 86' lang='lat' dir='ltr'>terra</span> <span class='ocrx_word' id='word_1_135' title='bbox 514 2373 634 2447; x_wconf 90' lang='lat' dir='ltr'>potest,</span> <span class='ocrx_word' id='word_1_136' title='bbox 660 2362 751 2447; x_wconf 90' lang='lat' dir='ltr'>quod</span> <span class='ocrx_word' id='word_1_137' title='bbox 776 2381 884 2435; x_wconf 87' lang='lat' dir='ltr'>ames,</span> <span class='ocrx_word' id='word_1_138' title='bbox 911 2360 1006 2424; x_wconf 89' lang='lat' dir='ltr'>dare.</span> <span class='ocrx_word' id='word_1_139' title='bbox 1055 2358 1173 2436; x_wconf 87' lang='lat' dir='ltr'>Vivat,</span> 
     </span>
     <span class='ocr_line' id='line_1_22' title="bbox 260 2469 376 2533; baseline 0 -1"><span class='ocrx_word' id='word_1_140' title='bbox 260 2469 376 2533; x_wconf 92' lang='lat' dir='ltr'>anille</span> 
     </span>
     <span class='ocr_line' id='line_1_23' title="bbox 123 2573 1054 2660; baseline -0.004 -20"><span class='ocrx_word' id='word_1_141' title='bbox 123 2575 269 2648; x_wconf 87' lang='lat' dir='ltr'>occidat,</span> <span class='ocrx_word' id='word_1_142' title='bbox 288 2576 322 2639; x_wconf 91' lang='lat' dir='ltr'>in</span> <span class='ocrx_word' id='word_1_143' title='bbox 339 2576 392 2640; x_wconf 90' lang='lat' dir='ltr'>dis</span> <span class='ocrx_word' id='word_1_144' title='bbox 409 2587 473 2640; x_wconf 66' lang='lat' dir='ltr'>este</span> <span class='ocrx_word' id='word_1_145' title='bbox 520 2574 624 2639; x_wconf 88' lang='lat' dir='ltr'>Vivat</span> <span class='ocrx_word' id='word_1_146' title='bbox 640 2587 775 2639; x_wconf 88' lang='lat' dir='ltr'>tamen:</span> <span class='ocrx_word' id='word_1_147' title='bbox 801 2574 903 2660; x_wconf 92' lang='lat' dir='ltr'>idque</span> <span class='ocrx_word' id='word_1_148' title='bbox 921 2573 1054 2659; x_wconf 88' lang='lat' dir='ltr'>precari</span> 
     </span>
     <span class='ocr_line' id='line_1_24' title="bbox 123 2678 1173 2769; baseline 0 -24"><span class='ocrx_word' id='word_1_149' title='bbox 123 2682 177 2745; x_wconf 91' lang='lat' dir='ltr'>vel</span> <span class='ocrx_word' id='word_1_150' title='bbox 195 2683 267 2746; x_wconf 91' lang='lat' dir='ltr'>sine</span> <span class='ocrx_word' id='word_1_151' title='bbox 285 2703 400 2746; x_wconf 86' lang='lat' dir='ltr'>amore</span> <span class='ocrx_word' id='word_1_152' title='bbox 419 2684 508 2747; x_wconf 90' lang='lat' dir='ltr'>licet.</span> <span class='ocrx_word' id='word_1_153' title='bbox 559 2681 653 2764; x_wconf 75' lang='lat' dir='ltr'>Quid</span> <span class='ocrx_word' id='word_1_154' title='bbox 672 2683 762 2745; x_wconf 91' lang='lat' dir='ltr'>enim</span> <span class='ocrx_word' id='word_1_155' title='bbox 781 2681 950 2746; x_wconf 90' lang='lat' dir='ltr'>commisit</span> <span class='ocrx_word' id='word_1_156' title='bbox 967 2678 1094 2746; x_wconf 78' lang='lat' dir='ltr'>l&#39;ason?</span> <span class='ocrx_word' id='word_1_157' title='bbox 1142 2712 1173 2769; x_wconf 82' lang='lat'>25</span> 
     </span>
     <span class='ocr_line' id='line_1_25' title="bbox 122 2787 1011 2874; baseline 0 -24"><span class='ocrx_word' id='word_1_158' title='bbox 122 2808 238 2873; x_wconf 91' lang='lat' dir='ltr'>quem,</span> <span class='ocrx_word' id='word_1_159' title='bbox 257 2789 321 2853; x_wconf 91' lang='lat' dir='ltr'>nisi</span> <span class='ocrx_word' id='word_1_160' title='bbox 338 2790 527 2862; x_wconf 86' lang='lat' dir='ltr'>crudelem,</span> <span class='ocrx_word' id='word_1_161' title='bbox 546 2811 613 2852; x_wconf 92' lang='lat' dir='ltr'>non</span> <span class='ocrx_word' id='word_1_162' title='bbox 631 2800 750 2874; x_wconf 85' lang='lat' dir='ltr'>tangat</span> <span class='ocrx_word' id='word_1_163' title='bbox 767 2787 899 2853; x_wconf 85' lang='lat' dir='ltr'>l&#39;asonis</span> <span class='ocrx_word' id='word_1_164' title='bbox 916 2800 1011 2851; x_wconf 87' lang='lat' dir='ltr'>aetas</span> 
     </span>
     <span class='ocr_line' id='line_1_26' title="bbox 122 2893 1023 2982; baseline -0.002 -24"><span class='ocrx_word' id='word_1_165' title='bbox 122 2905 155 2958; x_wconf 91' lang='lat' dir='ltr'>et</span> <span class='ocrx_word' id='word_1_166' title='bbox 171 2915 281 2982; x_wconf 88' lang='lat' dir='ltr'>genus</span> <span class='ocrx_word' id='word_1_167' title='bbox 299 2906 331 2959; x_wconf 86' lang='lat' dir='ltr'>et</span> <span class='ocrx_word' id='word_1_168' title='bbox 347 2893 474 2959; x_wconf 83' lang='lat' dir='ltr'>virtus?</span> <span class='ocrx_word' id='word_1_169' title='bbox 498 2917 598 2981; x_wconf 85' lang='lat' dir='ltr'>quem</span> <span class='ocrx_word' id='word_1_170' title='bbox 617 2917 699 2968; x_wconf 88' lang='lat' dir='ltr'>non,</span> <span class='ocrx_word' id='word_1_171' title='bbox 718 2906 753 2958; x_wconf 93' lang='lat' dir='ltr'>ut</span> <span class='ocrx_word' id='word_1_172' title='bbox 770 2908 882 2958; x_wconf 88' lang='lat' dir='ltr'>cetera</span> <span class='ocrx_word' id='word_1_173' title='bbox 899 2894 1023 2969; x_wconf 86' lang='lat' dir='ltr'>desint,</span> 
     </span>
     <span class='ocr_line' id='line_1_27' title="bbox 121 2999 976 3086; baseline -0.001 -22"><span class='ocrx_word' id='word_1_174' title='bbox 121 3021 180 3065; x_wconf 88' lang='lat' dir='ltr'>ore</span> <span class='ocrx_word' id='word_1_175' title='bbox 199 3023 334 3066; x_wconf 89' lang='lat' dir='ltr'>movere</span> <span class='ocrx_word' id='word_1_176' title='bbox 352 2999 482 3086; x_wconf 90' lang='lat' dir='ltr'>potest?</span> <span class='ocrx_word' id='word_1_177' title='bbox 506 3015 596 3065; x_wconf 89' lang='lat' dir='ltr'>certe</span> <span class='ocrx_word' id='word_1_178' title='bbox 615 3023 689 3066; x_wconf 89' lang='lat' dir='ltr'>mea</span> <span class='ocrx_word' id='word_1_179' title='bbox 708 3015 842 3085; x_wconf 87' lang='lat' dir='ltr'>pectora</span> <span class='ocrx_word' id='word_1_180' title='bbox 863 3001 976 3066; x_wconf 89' lang='lat' dir='ltr'>movit.</span> 
     </span>
    </p>

    <p class='ocr_par' dir='ltr' id='par_1_5' title="bbox 111 3107 1174 3727">
     <span class='ocr_line' id='line_1_28' title="bbox 169 3107 1053 3192; baseline 0.001 -20"><span class='ocrx_word' id='word_1_181' title='bbox 169 3108 238 3172; x_wconf 74' lang='lat' dir='ltr'>‘At</span> <span class='ocrx_word' id='word_1_182' title='bbox 254 3108 318 3172; x_wconf 90' lang='lat' dir='ltr'>nisi</span> <span class='ocrx_word' id='word_1_183' title='bbox 335 3131 434 3192; x_wconf 91' lang='lat' dir='ltr'>opem</span> <span class='ocrx_word' id='word_1_184' title='bbox 453 3109 573 3176; x_wconf 83' lang='lat' dir='ltr'>tulero,</span> <span class='ocrx_word' id='word_1_185' title='bbox 593 3120 765 3171; x_wconf 89' lang='lat' dir='ltr'>taurorum</span> <span class='ocrx_word' id='word_1_186' title='bbox 784 3107 963 3172; x_wconf 85' lang='lat' dir='ltr'>adflabitur·</span> <span class='ocrx_word' id='word_1_187' title='bbox 979 3128 1053 3184; x_wconf 89' lang='lat' dir='ltr'>ore,</span> 
     </span>
     <span class='ocr_line' id='line_1_29' title="bbox 121 3215 1174 3302; baseline 0.003 -26"><span class='ocrx_word' id='word_1_188' title='bbox 121 3228 368 3301; x_wconf 84' lang='lat' dir='ltr'>concurretque</span> <span class='ocrx_word' id='word_1_189' title='bbox 384 3236 467 3279; x_wconf 87' lang='lat' dir='ltr'>suae</span> <span class='ocrx_word' id='word_1_190' title='bbox 484 3215 610 3302; x_wconf 86' lang='lat' dir='ltr'>segetis</span> <span class='ocrx_word' id='word_1_191' title='bbox 627 3215 747 3278; x_wconf 91' lang='lat' dir='ltr'>tellure</span> <span class='ocrx_word' id='word_1_192' title='bbox 765 3215 887 3278; x_wconf 87' lang='lat' dir='ltr'>creatis</span> <span class='ocrx_word' id='word_1_193' title='bbox 1138 3246 1174 3300; x_wconf 82' lang='lat'>30</span> 
     </span>
     <span class='ocr_line' id='line_1_30' title="bbox 122 3320 1040 3406; baseline 0.002 -24"><span class='ocrx_word' id='word_1_194' title='bbox 122 3321 287 3394; x_wconf 88' lang='lat' dir='ltr'>hostibus,</span> <span class='ocrx_word' id='word_1_195' title='bbox 308 3334 364 3384; x_wconf 89' lang='lat' dir='ltr'>aut</span> <span class='ocrx_word' id='word_1_196' title='bbox 382 3322 482 3386; x_wconf 84' lang='lat' dir='ltr'>avido</span> <span class='ocrx_word' id='word_1_197' title='bbox 499 3321 633 3385; x_wconf 89' lang='lat' dir='ltr'>dabitur</span> <span class='ocrx_word' id='word_1_198' title='bbox 651 3321 722 3384; x_wconf 85' lang='lat' dir='ltr'>fera</span> <span class='ocrx_word' id='word_1_199' title='bbox 740 3321 868 3406; x_wconf 90' lang='lat' dir='ltr'>praeda</span> <span class='ocrx_word' id='word_1_200' title='bbox 885 3320 1040 3385; x_wconf 75' lang='lat' dir='ltr'>draconi⁰</span> 
     </span>
     <span class='ocr_line' id='line_1_31' title="bbox 122 3425 960 3513; baseline 0 -25"><span class='ocrx_word' id='word_1_201' title='bbox 122 3426 187 3489; x_wconf 91' lang='lat' dir='ltr'>hoc</span> <span class='ocrx_word' id='word_1_202' title='bbox 204 3449 270 3513; x_wconf 83' lang='lat' dir='ltr'>ego</span> <span class='ocrx_word' id='word_1_203' title='bbox 287 3428 314 3490; x_wconf 90' lang='lat' dir='ltr'>si</span> <span class='ocrx_word' id='word_1_204' title='bbox 333 3425 454 3511; x_wconf 84' lang='lat' dir='ltr'>patiar,</span> <span class='ocrx_word' id='word_1_205' title='bbox 473 3440 542 3490; x_wconf 90' lang='lat' dir='ltr'>tum</span> <span class='ocrx_word' id='word_1_206' title='bbox 561 3449 615 3490; x_wconf 90' lang='lat' dir='ltr'>me</span> <span class='ocrx_word' id='word_1_207' title='bbox 633 3428 675 3491; x_wconf 87' lang='lat' dir='ltr'>de</span> <span class='ocrx_word' id='word_1_208' title='bbox 691 3426 814 3512; x_wconf 84' lang='lat' dir='ltr'>tigride</span> <span class='ocrx_word' id='word_1_209' title='bbox 831 3440 960 3501; x_wconf 90' lang='lat' dir='ltr'>natam,</span> 
     </span>
     <span class='ocr_line' id='line_1_32' title="bbox 120 3533 1040 3618; baseline 0.001 -23"><span class='ocrx_word' id='word_1_210' title='bbox 120 3542 190 3595; x_wconf 92' lang='lat' dir='ltr'>tum</span> <span class='ocrx_word' id='word_1_211' title='bbox 208 3533 333 3597; x_wconf 90' lang='lat' dir='ltr'>ferrum</span> <span class='ocrx_word' id='word_1_212' title='bbox 351 3546 384 3597; x_wconf 91' lang='lat' dir='ltr'>et</span> <span class='ocrx_word' id='word_1_213' title='bbox 400 3533 559 3616; x_wconf 91' lang='lat' dir='ltr'>scopulos</span> <span class='ocrx_word' id='word_1_214' title='bbox 576 3546 711 3618; x_wconf 80' lang='lat' dir='ltr'>gestare</span> <span class='ocrx_word' id='word_1_215' title='bbox 728 3533 762 3596; x_wconf 92' lang='lat' dir='ltr'>in</span> <span class='ocrx_word' id='word_1_216' title='bbox 778 3534 881 3597; x_wconf 89' lang='lat' dir='ltr'>corde</span> <span class='ocrx_word' id='word_1_217' title='bbox 900 3533 1040 3598; x_wconf 87' lang='lat' dir='ltr'>fatebor.</span> 
     </span>
     <span class='ocr_line' id='line_1_33' title="bbox 111 3640 1050 3727; baseline 0.005 -30"><span class='ocrx_word' id='word_1_218' title='bbox 111 3658 177 3698; x_wconf 87' lang='lat' dir='ltr'>cur</span> <span class='ocrx_word' id='word_1_219' title='bbox 188 3661 259 3702; x_wconf 85' lang='lat' dir='ltr'>non</span> <span class='ocrx_word' id='word_1_220' title='bbox 276 3651 312 3704; x_wconf 89' lang='lat' dir='ltr'>et</span> <span class='ocrx_word' id='word_1_221' title='bbox 323 3655 445 3725; x_wconf 87' lang='lat' dir='ltr'>specto</span> <span class='ocrx_word' id='word_1_222' title='bbox 458 3651 680 3727; x_wconf 87' lang='lat' dir='ltr'>pereuntem,</span> <span class='ocrx_word' id='word_1_223' title='bbox 698 3640 886 3724; x_wconf 83' lang='lat' dir='ltr'>oculosque</span> <span class='ocrx_word' id='word_1_224' title='bbox 899 3640 1050 3702; x_wconf 82' lang='lat' dir='ltr'>videndo</span> 
     </span>
    </p>

    <p class='ocr_par' dir='ltr' id='par_1_6' title="bbox 81 3740 1198 3829">
     <span class='ocr_line' id='line_1_34' title="bbox 81 3740 1198 3829; baseline 0.001 -30"><span class='ocrx_word' id='word_1_225' title='bbox 81 3745 320 3812; x_wconf 76' lang='lat' dir='ltr'>conscelem?</span> <span class='ocrx_word' id='word_1_226' title='bbox 342 3771 410 3815; x_wconf 88' lang='lat' dir='ltr'>cur</span> <span class='ocrx_word' id='word_1_227' title='bbox 425 3773 499 3817; x_wconf 89' lang='lat' dir='ltr'>non</span> <span class='ocrx_word' id='word_1_228' title='bbox 519 3740 643 3817; x_wconf 87' lang='lat' dir='ltr'>tauros</span> <span class='ocrx_word' id='word_1_229' title='bbox 661 3750 830 3829; x_wconf 85' lang='lat' dir='ltr'>exhortor</span> <span class='ocrx_word' id='word_1_230' title='bbox 847 3745 887 3806; x_wconf 86' lang='lat' dir='ltr'>in</span> <span class='ocrx_word' id='word_1_231' title='bbox 899 3744 1019 3809; x_wconf 80' lang='lat' dir='ltr'>illum,</span> <span class='ocrx_word' id='word_1_232' title='bbox 1160 3771 1198 3820; x_wconf 44' lang='grc' dir='ltr'>»ᾗ</span> 
     </span>
    </p>
   </div>
   <div class='ocr_carea' id='block_1_3' title="bbox 52 3840 1028 3950">
    <p class='ocr_par' dir='ltr' id='par_1_7' title="bbox 52 3840 1028 3950">
     <span class='ocr_line' id='line_1_35' title="bbox 52 3840 1028 3950; baseline -0.031 -20"><span class='ocrx_word' id='word_1_233' title='bbox 52 3844 343 3943; x_wconf 61' lang='lat' dir='ltr'>terrrgrenggque</span> <span class='ocrx_word' id='word_1_234' title='bbox 356 3859 477 3940; x_wconf 79' lang='lat' dir='ltr'>feros,</span> <span class='ocrx_word' id='word_1_235' title='bbox 501 3860 791 3950; x_wconf 87' lang='lat' dir='ltr'>insopitumque</span> <span class='ocrx_word' id='word_1_236' title='bbox 807 3840 1028 3917; x_wconf 58' lang='lat' dir='ltr'>draconem}</span> 
     </span>
    </p>
   </div>
   <div class='ocr_carea' id='block_1_4' title="bbox 0 0 1226 4134">
    <p class='ocr_par' dir='ltr' id='par_1_8' title="bbox 0 0 1226 4134">
     <span class='ocr_line' id='line_1_36' title="bbox 0 0 1226 4134; baseline 0 1"><span class='ocrx_word' id='word_1_237' title='bbox 0 0 1226 4134; x_wconf 95' lang='lat' dir='ltr'> </span> 
     </span>
    </p>
   </div>
  </div>
 </body>
</html>
