2444 4134
101 107 145 194 48
370 104 517 169 Perseus
541 102 615 166 ond
635 101 873 167 Andromeda.
1008 121 1154 193 [Mem.

102 302 267 387 eripuisse
284 311 387 385 caput
403 300 511 373 collo;
536 299 728 385 pennisque
746 300 906 386 fugacem
1102 319 1154 386 785

102 410 262 494 Pegason
279 420 312 470 et
328 408 479 480 tratrem,
501 407 615 469 matris
633 407 676 470 de
694 406 863 493 sanguine
881 421 990 473 natos.

103 515 232 580 addidit
247 528 280 578 et
296 514 389 600 longi
408 536 475 577 non
493 513 579 577 salsa
598 512 749 596 pericula
767 535 906 578 cursus:

102 644 190 710 quae
207 621 305 694 freta,
323 641 409 705 quas
425 632 531 683 terras
549 621 611 683 sub
628 641 665 683 se
681 619 822 683 vidisset
839 622 881 685 ab
899 622 980 696 alto,

102 742 136 795 et
150 749 239 815 quae
252 727 387 814 jactatis
404 726 568 812 tetigisset
585 726 696 790 sidera
714 726 848 810 pennis.

103 848 180 900 ante
198 846 432 918 exspectatum
449 832 555 897 tacuit
571 844 698 895 tamen.
748 831 885 917 Excipit
902 856 991 898 unus
1101 862 1154 920 790

102 965 146 1006 ex
164 963 306 1004 numero
324 960 518 1024 procerum,
536 961 719 1024 quaerens
739 960 799 1002 cur
815 941 890 1004 sola
906 962 1063 1006 sororum

102 1046 247 1136 gesserit
263 1047 402 1110 alternis
419 1045 578 1110 inmixtos
596 1046 746 1110 crinibus
764 1067 909 1132 angues.

149 1152 285 1238 Hospes
303 1156 361 1228 ait,
382 1150 580 1234 ‘Qoniam
598 1152 730 1216 scitaris
747 1153 852 1238 digna
871 1155 992 1231 relatu,

103 1261 221 1345 accipe
238 1259 381 1345 quaesiti
400 1280 554 1324 causam.
604 1257 804 1323 Clarissima
823 1261 932 1325 forma

104 1370 353 1452 multorumque
370 1367 432 1431 suit
448 1389 527 1452 spes
544 1366 711 1430 invidiosa
729 1386 909 1450 procorum
1104 1398 1153 1456 795

102 1476 181 1549 illu;
207 1496 271 1539 nec
287 1475 322 1537 in
338 1487 406 1538 tota
424 1475 636 1558 conspectior
653 1475 723 1536 ulla
741 1475 874 1559 capillis

103 1605 182 1669 pars
200 1582 271 1645 suit.
321 1581 455 1656 Inveni,
473 1581 530 1667 qui
549 1581 728 1646 sevidisse
745 1581 896 1645 referret.

103 1692 193 1754 hanc
210 1689 325 1776 pelagi
344 1700 454 1753 rector
470 1689 598 1773 templo
614 1689 751 1752 vitiasse
770 1686 950 1753 Minervae

103 1797 236 1862 dicitur.
285 1795 420 1861 Aversa
438 1808 488 1860 est
504 1808 537 1860 et
553 1807 665 1859 castos
683 1795 805 1881 aegide
823 1797 935 1859 vultus

103 1916 182 1968 nata
195 1904 291 1990 Jovis
308 1904 410 1977 texit3
436 1924 522 1967 neve
540 1903 606 1967 hoc
622 1902 762 1986 impune
779 1901 908 1976 fuisset,
1104 1920 1156 1974 800

104 2010 327 2098 Gorgoneum
345 2010 474 2075 crinem
492 2022 608 2094 turpes
627 2009 767 2072 mutavit
783 2009 816 2072 in
835 2010 975 2094 hydros.

104 2140 196 2183 nunc
211 2140 360 2205 quoque,
377 2130 414 2183 ut
432 2118 587 2182 attonitos
605 2116 785 2182 formidine
802 2127 924 2180 terreat
941 2117 1068 2192 hostes,

103 2239 241 2313 pectore
256 2226 291 2291 iu
309 2227 453 2292 adverso
469 2246 555 2311 quos
571 2224 663 2301 secit,
682 2224 824 2289 sustinet
840 2223 997 2310 angues?
