2444 4134
115 114 179 181 128
338 114 493 201 Rivalry
516 115 564 199 ‘ff
577 112 676 202 Ajax
698 115 772 178 arrd
800 112 949 200 Ulysses.
1024 131 1155 203 [Merui

112 334 201 400 quae
218 313 282 378 nisi
300 311 472 388 fecissem,
490 312 614 377 frustra
631 313 822 378 Telamone
838 322 976 378 creatus

113 430 282 507 gestasset
297 421 396 484 laeva
413 432 588 484 taurorum
604 432 743 507 tergora
759 432 903 505 septem.

113 526 171 589 illa
189 539 288 591 nocte
306 526 389 590 mihi
406 526 534 614 Trojae
551 527 692 591 victoria
710 538 806 612 parta
822 537 894 591 est:

113 631 287 720 Pergama
303 646 384 698 tunc
400 633 480 707 vici,
499 654 578 698 cum
595 633 685 698 vinci
705 655 803 718 posse
821 633 932 721 coegi.

160 748 168 777 ‘
186 738 316 802 Desine
332 738 495 824 Tydiden
512 739 676 825 vultuque
693 749 726 802 et
742 759 915 801 murmure
932 736 1034 803 nobis
1116 769 1160 825 350

113 856 283 910 ostentare
301 867 437 909 meum:
461 867 542 930 pars
559 856 610 909 est
626 866 688 909 sua
705 844 817 909 laudis
832 845 866 908 in
884 845 955 909 illo.

112 972 178 1016 nec
194 964 242 1025 tu,
261 973 340 1016 curn
357 952 449 1016 socia
467 952 616 1036 clipeum
633 974 694 1037 pro
711 953 822 1015 classe
838 951 993 1027 tenebas,

113 1059 206 1123 solus
224 1080 322 1122 eras:
346 1059 405 1123 tibi
423 1059 522 1122 turba
539 1080 668 1133 comes,
687 1058 771 1121 mihi
789 1058 930 1145 contigit
945 1081 1059 1135 unus3

113 1165 171 1251 qui
187 1166 252 1229 nisi
270 1186 466 1250 pugnacem
485 1165 586 1229 sciret
601 1164 755 1250 sapiente
773 1165 938 1228 minorem

112 1293 201 1344 esse,
221 1293 286 1336 nec
303 1272 488 1336 indomitae
505 1271 623 1336 deberi
640 1270 795 1356 praemia
811 1271 965 1345 dextrae,
1116 1301 1161 1357 355

112 1378 186 1463 ipse
203 1400 339 1465 quoque
356 1379 443 1442 haec
460 1388 608 1463 peteret3
634 1388 763 1461 peteret
781 1377 987 1441 moderatior
1003 1377 1112 1465 Ajax,

113 1484 383 1572 Eurypylusque
401 1485 511 1559 ferox,
530 1485 693 1570 claroque
708 1481 955 1548 Andraemone
972 1496 1096 1559 natus;

113 1613 177 1656 nec
195 1593 308 1657 minus
325 1591 545 1667 IdomeneuS,
565 1591 743 1676 patriaque
760 1602 894 1655 creatus
910 1590 1035 1654 eadem

114 1697 289 1764 Meriones
303 1722 310 1773 ;
337 1710 466 1785 peteret
483 1698 622 1786 majoris
640 1697 743 1761 srater
758 1696 923 1762 Atridae:

111 1806 239 1892 quippe
256 1828 360 1870 manu
377 1806 492 1880 fortes,
511 1827 577 1871 nec
594 1818 672 1870 sunt
688 1804 771 1869 mihi
789 1817 897 1870 marte
913 1805 1072 1882 secundi,
1114 1819 1165 1892 360

112 1913 262 1976 consiliis
280 1934 416 1978 cessere
434 1913 532 1977 meis.
581 1912 662 1978 Tibi
679 1912 820 1977 dextera
836 1913 928 1978 bello

112 2019 223 2083 utilis:
248 2018 426 2106 ingenium
444 2031 506 2094 est,
526 2020 619 2105 quod
637 2031 716 2106 eget
732 2020 966 2084 moderamine
983 2032 1111 2086 nostro.

112 2135 148 2188 tu
165 2125 254 2190 vires
271 2127 344 2190 sine
362 2138 475 2191 mente
492 2127 606 2213 geris:
632 2126 715 2188 mihi
733 2147 815 2191 cura
833 2127 948 2191 futuri.

112 2243 147 2295 tu
165 2254 320 2318 pugnare
339 2245 454 2317 potes:
480 2233 659 2319 pugnandi
677 2245 831 2317 tempora
849 2255 984 2297 mecum

113 2339 208 2424 eligit
225 2339 375 2404 Atrides.
423 2339 479 2403 Tu
497 2351 627 2404 tantum
646 2360 789 2424 corpore
806 2342 952 2424 prodes:
1051 2350 1054 2356 ’
1115 2358 1163 2427 365

113 2467 175 2509 nos
192 2448 318 2510 animo.
334 2516 346 2541 ἦ
368 2445 576 2532 Qantoque
593 2459 700 2510 ratem
718 2447 776 2533 qui
793 2458 973 2532 temperat,
992 2447 1100 2512 anteit

112 2552 253 2638 remigis
270 2553 433 2626 officium,
451 2566 578 2638 quanto
595 2554 666 2618 dux
684 2553 788 2617 milite
807 2555 928 2643 major,

112 2670 242 2722 tantum
261 2680 327 2744 ego
345 2669 376 2722 te
393 2681 528 2743 supero.
578 2658 656 2724 Nec
674 2682 740 2724 non
758 2660 793 2723 in
811 2682 953 2746 corpore
970 2673 1088 2727 nostro

113 2778 251 2851 pectora
267 2776 345 2830 sunt
361 2766 490 2850 potiora
509 2787 633 2830 manu:
660 2767 758 2854 vigor
775 2768 887 2832 omnis
903 2768 938 2831 in
955 2768 1034 2833 illis.

160 2870 231 2935 ‘At
248 2895 320 2946 vos,
339 2870 372 2936 Ο
388 2894 559 2957 proceres,
577 2874 674 2961 vigili
692 2876 771 2939 date
788 2875 941 2961 praemia
958 2888 1093 2942 vestrot
1114 2909 1164 2962 370

113 3000 242 3064 proque
259 2989 307 3043 tot
324 3000 490 3043 annorum
508 3001 602 3055 cura,
621 2983 745 3068 quibus
763 2982 887 3047 anxius
904 2982 975 3070 egi,

112 3086 205 3148 hunc
222 3085 352 3150 titulum
372 3088 498 3152 meritis
516 3091 732 3173 pensandum
750 3091 880 3154 reddite
897 3089 1030 3156 nostris.

109 3191 180 3281 jam
197 3192 294 3256 labor
310 3192 343 3256 in
361 3194 428 3258 fine
446 3207 516 3260 estt
542 3197 713 3260 obstantia
730 3196 799 3260 sata
815 3197 957 3272 removi,

112 3299 248 3384 altaque
266 3320 366 3383 posse
383 3301 459 3386 capi
479 3302 636 3366 faciendo
653 3301 838 3389 Pergama,
857 3302 946 3388 cepi.

112 3427 173 3490 per
188 3427 268 3490 spes
285 3428 377 3471 nunc
395 3410 519 3483 socias,
539 3429 730 3493 casuraque
748 3409 882 3472 moenia
899 3410 1045 3486 Troum,
1112 3443 1162 3498 375

111 3532 239 3597 perque
256 3514 338 3578 deos
356 3537 427 3590 oro,
446 3537 531 3600 quos
549 3513 635 3578 hosti
655 3536 763 3599 nuper
779 3516 905 3590 ademi,

96 3641 171 3702 per
181 3619 298 3707 siquid
312 3635 483 3709 superest,
503 3622 597 3711 quod
614 3621 657 3687 sit
673 3622 844 3707 sapienter
861 3623 1108 3707 agendum,-

76 3723 217 3807 siquid
229 3733 355 3799 adhuc
370 3734 508 3808 audax,
531 3757 576 3800 ex
596 3729 858 3821 praecipitique
874 3725 1065 3810 petendum
1079 3737 1151 3792 est,

50 3826 91 3886 si
107 3827 244 3920 Troyae
261 3840 349 3911 fartis
365 3846 515 3938 aliquid
534 3859 681 3912 restare
702 3837 854 3927 putatis,
865 3867 913 3881 -—
