2444 4134
55 111 101 201 98
346 110 505 198 Orpheus
528 111 603 175 rand
623 110 816 196 Eurydice.
968 127 1090 199 [Maian.

58 306 169 372 exitus
186 307 340 391 auspicio
356 308 515 395 graviora
541 329 621 371 nam
639 319 757 392 nupta,
776 329 838 393 per
854 307 981 373 herbas

59 416 140 480 dum
158 435 246 479 nova
264 414 428 477 naiadum
446 414 544 478 turba
562 415 722 478 comitata
737 424 898 500 vagatur,

59 522 195 595 occidit,
215 521 249 584 in
266 521 372 582 talum
391 521 557 604 serpentis
575 521 675 584 dente
693 533 843 604 recepto.
1078 552 1103 589 ιο

106 627 222 710 Quam
240 626 321 691 satis
339 626 382 689 ad
401 648 543 710 superas
561 639 741 713 postquam
758 626 989 710 Rhodopeius
1006 647 1097 691 auras

60 735 198 819 deflevit
214 745 321 808 vates,
341 753 384 796 ne
401 754 470 795 non
488 744 670 818 temptaret
686 744 718 797 et
733 733 887 808 umbrae,

61 843 104 906 ad
122 841 235 928 Styga
251 839 426 904 Taenaria
444 852 494 903 est
512 861 615 904 ausus
632 839 841 905 descendere
859 852 980 925 porta;

60 970 188 1034 perque
206 949 299 1011 leves
316 947 460 1032 populos
478 946 730 1032 simulacraque
747 947 863 1010 suncta
880 948 1042 1031 sepulcro

60 1054 305 1141 Persephonen
324 1054 418 1127 adiit,
437 1052 688 1138 inamoenaque
706 1074 814 1140 regna
830 1063 1005 1118 tenentem
1084 1083 1110 1138 ις

60 1163 257 1226 umbrarum
277 1160 467 1225 dominum.
516 1158 699 1244 Pulsisque
716 1160 760 1223 ad
778 1160 934 1224 carmina
952 1161 1066 1224 nervis

61 1268 110 1332 sic
127 1269 193 1330 ait:
220 1267 275 1332 ‘O
293 1266 391 1351 positi
409 1268 471 1331 sub
489 1277 576 1330 terra
595 1267 737 1328 numina
755 1266 887 1341 mundi,

60 1374 94 1437 in
112 1396 212 1460 quem
231 1374 426 1446 recidimus,
446 1371 607 1459 quicquid
626 1372 767 1435 mortale
784 1392 965 1446 creamur3

60 1482 196 1554 silicet,
217 1493 249 1544 et
267 1480 341 1544 salsi
359 1481 476 1564 positis
494 1477 698 1565 ambagibus
715 1477 783 1542 oris

60 1608 142 1650 vera
161 1588 250 1672 loqui
269 1586 389 1660 sinitis,
408 1609 475 1651 non
494 1587 574 1659 huc,
593 1595 629 1648 ut
645 1604 754 1668 opaca
771 1584 925 1649 viderem
1083 1617 1115 1658 20

61 1694 221 1765 Tartara,
241 1693 415 1766 descendi,
435 1714 499 1756 nec
517 1694 563 1756 uti
581 1692 700 1765 villosa
718 1691 877 1783 colubris!
964 1688 967 1695 ’

60 1812 156 1864 terna
175 1799 355 1863 Medusaei
373 1799 535 1863 vincirem
555 1812 691 1886 guttura
710 1788 893 1879 monstri.)¹

61 1927 166 1970 causa
184 1906 259 1969 viae
277 1906 441 1993 conjunx,
460 1906 494 1969 in
512 1928 615 1992 quam
633 1905 764 1969 calcata
782 1925 955 1970 venenum

60 2013 178 2096 vipera
195 2011 341 2085 diffudit,
362 2025 621 2097 crescentesque
639 2011 777 2076 abstulit
793 2032 914 2076 annos.

61 2141 161 2204 posse
179 2119 247 2204 pati
265 2119 371 2191 volni,
391 2140 454 2182 nec
473 2141 526 2182 me
544 2130 727 2203 temptasse
744 2119 904 2206 negabo:
1082 2150 1115 2206 25

60 2227 141 2290 vicit
158 2225 277 2289 Amor.
329 2225 463 2309 Supera
481 2227 564 2289 deus
583 2226 638 2289 hic
654 2226 742 2289 bene
760 2237 858 2290 notus
877 2226 912 2290 in
929 2248 990 2292 ora
1007 2238 1060 2294 est
1072 2226 1093 2292 :¹

62 2355 105 2396 an
123 2334 164 2397 sit
181 2345 213 2396 et
231 2333 298 2405 hic,
317 2334 446 2406 dubim,
466 2333 526 2396 sed
544 2343 576 2396 et
593 2332 648 2396 hic
665 2343 780 2396 tamen
800 2353 951 2420 auguror
966 2356 1058 2400 esse.

61 2439 219 2525 famaque
237 2440 263 2502 si
281 2439 404 2502 veteris
422 2461 489 2503 non
507 2450 557 2503 est
575 2440 713 2503 mentita
731 2440 886 2525 rapinae,

60 2568 121 2609 vos
147 2568 281 2631 quoque
310 2546 423 2632 junxit
446 2542 562 2608 Amor.
608 2545 676 2610 Per
704 2533 770 2634 ego
794 2550 881 2613 haec
907 2548 985 2614 loca
1011 2549 1117 2635 plena

195 2652 339 2726 timoris,

62 2781 123 2844 per
139 2759 256 2823 Chaos
274 2761 339 2823 hoc
357 2761 492 2846 ingens,
511 2759 667 2848 vastique
684 2761 818 2828 silentia
835 2759 949 2848 regni,
1082 2794 1117 2850 30

62 2864 265 2949 Eurydices
284 2885 355 2937 or0‚
376 2876 556 2948 properata
574 2867 716 2931 retexite
733 2868 815 2931 fata.
836 2884 850 2937 ᾗ

60 2970 176 3033 omnia
194 2971 358 3034 debemur
374 2972 482 3045 vobis,
501 2973 711 3061 paulumque
729 2973 850 3039 morati
884 2951 904 3017 Ἰ

62 3077 169 3141 serius
187 3089 244 3140 aut
261 3077 358 3140 citius
377 3078 492 3141 sedem
511 3101 735 3164 properamus
753 3082 796 3145 ad
814 3102 932 3146 unam.

61 3184 231 3247 tendimus
249 3184 316 3247 huc
333 3206 466 3259 omnes,
486 3187 572 3250 haec
589 3198 640 3252 est
657 3189 778 3252 domus
795 3189 935 3262 ultima3
961 3209 1093 3274 vosque

63 3292 200 3352 humani
220 3290 357 3376 generis
375 3292 576 3379 longissima
594 3316 703 3380 regna
720 3275 852 3360 tenetis.
1083 3327 1116 3383 35

62 3395 149 3457 haec
165 3416 313 3479 quoque,
333 3417 409 3459 cum
425 3397 534 3483 justos
552 3410 684 3462 matura
701 3399 871 3486 peregerit
888 3419 1011 3473 annos,

60 3500 144 3587 juris
161 3501 223 3564 erit
239 3503 353 3566 vestri.
405 3502 472 3567 Pro
490 3526 631 3569 munere
648 3506 821 3589 poscimus
838 3528 951 3570 usum.

61 3607 152 3692 quod
170 3607 197 3671 si
214 3609 284 3672 fata
301 3622 431 3696 negant
446 3611 582 3673 veniam
601 3633 662 3695 pro
679 3613 840 3699 conjuge,
860 3626 991 3677 certum
1008 3622 1061 3677 est

62 3714 152 3777 nolle
170 3716 280 3780 redire
299 3716 403 3779 mihiz
429 3717 495 3780 leto
511 3718 659 3803 gaudete
677 3718 847 3803 duorum!
944 3711 949 3722 l

106 3821 206 3885 Talia
225 3823 395 3888 dicentem
412 3845 605 3913 nervosque
623 3825 669 3916 ad
682 3827 793 3914 qerba
806 3837 1004 3911 milsshlim.
1083 3858 1119 3908 40
