2444 4134
63 125 153 182 v111.
174 124 249 196 224]
350 106 422 176 His
455 105 630 195 Warm'ng
648 113 683 172 to
706 103 846 172 Icarus.

64 320 100 372 ut
117 307 209 371 clivo
226 306 375 371 crevisse
392 317 503 392 putea.
552 304 613 370 sic
628 304 755 370 mstica
770 305 944 392 quondam

64 415 179 479 fistula
196 414 392 498 disparibus
408 413 573 498 paulatim
591 413 700 499 surgit
717 412 849 476 avenis.

64 534 136 585 turn
155 522 226 585 lino
243 521 375 584 medias
392 533 425 584 et
442 520 528 583 ceris
546 519 676 606 adligat
693 518 794 593 imas,

66 641 168 714 atque
185 627 232 691 ita
249 627 455 711 compositas
471 647 578 711 parvo
595 625 794 690 curvamine
811 623 928 701 flectit,

65 748 103 799 ut
117 756 219 798 veras
235 734 384 798 imitetur
400 753 494 797 aves.
544 731 635 796 Puer
651 731 769 796 Icarus
786 752 856 796 una
1073 762 1120 819 ¹95

66 843 191 916 stabat,
211 854 256 916 et,
275 841 418 928 ignarus
434 861 496 904 sua
513 861 550 903 se
567 851 712 902 tractare
729 838 869 923 pericla,

65 970 125 1013 ore
143 947 311 1012 renidenti
330 946 432 1011 modo
447 966 533 1032 quas
550 965 641 1031 vaga
659 956 811 1009 moverat
828 965 926 1020 aura,

66 1056 228 1139 captabat
244 1055 393 1138 plumas,
411 1052 536 1116 flavam
555 1051 657 1115 modo
674 1051 798 1135 pollice
814 1072 931 1116 ceram

66 1161 233 1234 mollibat,
253 1161 399 1246 lusuque
416 1181 478 1223 suo
495 1157 651 1223 mirabile
668 1158 773 1242 patris

68 1266 277 1351 impediebat
293 1288 391 1350 opus.
441 1264 626 1351 Postquam
646 1284 769 1329 manus
785 1265 905 1328 ultima
922 1264 1051 1350 coeptis
1071 1296 1123 1335 200

66 1373 227 1458 imposita
244 1383 306 1447 est,
325 1372 482 1459 geminas
499 1371 615 1456 opifex
632 1370 768 1436 libravit
783 1371 818 1455 in
835 1372 909 1436 alas

35 1567 38 1572 ¹
67 1480 140 1566 ipse
158 1502 258 1544 suurn
276 1500 413 1564 corpus,
432 1491 592 1565 motaque
610 1477 772 1562 pependit
788 1478 823 1542 in
841 1499 938 1543 aura.

113 1586 254 1651 Instruit
270 1597 303 1651 et
319 1597 451 1661 natum,
472 1584 634 1650 ‘Medio'
649 1605 716 1670 que
735 1595 744 1624 ⁶
759 1596 796 1648 ut
812 1586 918 1650 limite
935 1606 1066 1661 curras,

68 1693 192 1768 Icare,'
209 1694 255 1757 ait
273 1704 281 1734 ‘
296 1714 431 1768 mone0,
451 1714 507 1767 ne,
526 1692 554 1767 si
571 1691 751 1757 demissior
767 1691 845 1765 ibis,

67 1801 161 1865 unda
179 1811 300 1888 gravet
317 1821 462 1884 pennas,
480 1799 508 1864 si
526 1798 662 1873 celsior,
681 1797 773 1885 iguis
792 1798 934 1862 adurat:
1070 1829 1121 1885 ²05

66 1908 154 1972 inter
171 1920 352 1994 utrumque
369 1908 460 1973 vola.
509 1905 635 1971 Necte
652 1917 809 1990 spectare
826 1903 956 1969 Booten

68 2026 126 2079 aut
145 2014 292 2079 Helicen
305 2014 424 2101 jube0,
442 2013 664 2098 strictumque
681 2011 819 2077 Orionis
837 2032 977 2076 ensem:

67 2143 123 2186 me
140 2122 228 2184 duce
246 2141 349 2204 carpe
366 2119 482 2183 viam.'
529 2117 661 2182 Pariter
677 2130 861 2203 praecepta
878 2117 1016 2183 volandi

66 2227 181 2302 tradit,
200 2240 233 2292 et
248 2226 383 2317 ignotas
401 2226 553 2291 humeris
570 2226 810 2290 adcommodat
827 2226 922 2288 alas:

66 2335 155 2398 inter
171 2355 258 2418 opus
277 2334 491 2419 monitusque
508 2353 620 2420 genae
639 2332 801 2396 maduere
819 2331 956 2405 seniles,
1071 2363 1122 2402 210

67 2453 110 2521 et.
117 2441 247 2525 patriae
264 2452 433 2504 tremuere
451 2460 584 2503 manus.
636 2438 739 2503 Dedit
756 2440 873 2504 oscula
891 2450 971 2502 nato

67 2570 136 2612 non
154 2548 275 2611 iterum
294 2546 478 2631 repetenda
497 2567 579 2618 su03
606 2546 795 2630 pennisque
814 2547 946 2610 levatus

68 2667 146 2719 ante
164 2654 269 2727 volat,
288 2653 471 2738 comitique
488 2652 594 2726 timet,
614 2653 706 2717 velut
723 2654 807 2726 ales,
828 2653 870 2716 ab
888 2653 956 2718 alto

67 2782 157 2847 quae
175 2772 328 2824 teneram
346 2759 476 2844 prolem
495 2760 654 2844 produxit
670 2761 705 2822 in
723 2766 802 2824 aera
820 2760 922 2834 nido;

68 2870 291 2954 hortaturque
307 2867 415 2954 sequi,
433 2867 685 2952 damnosasque
703 2868 813 2932 erudit
830 2880 933 2942 artes,
1071 2899 1101 2939 21
1107 2899 1121 2955 ς

68 2988 101 3040 et
119 2986 232 3038 movet
246 2974 321 3058 ipse
338 2993 418 3039 suas
434 2985 467 3037 et
484 2973 553 3037 nati
571 2973 708 3058 respicit
726 2975 812 3039 alas.

115 3081 191 3146 Hos
208 3081 331 3167 aliquis
347 3081 492 3144 tremula
510 3081 591 3144 dum
610 3093 724 3166 captat
743 3081 909 3146 arundine
927 3081 1052 3166 pisces,

69 3201 127 3253 aut
144 3200 259 3272 pastor
275 3188 412 3261 haculo,
431 3187 560 3252 stivave
579 3188 717 3252 innixus
735 3200 860 3263 arator,

68 3295 165 3367 vidit,
185 3305 217 3358 et
233 3293 416 3378 obstupuit,
436 3295 561 3381 quique
580 3296 718 3359 aethera
736 3315 876 3379 carpere
895 3305 1044 3379 possent,

68 3401 214 3467 credidit
230 3421 305 3464 esse
322 3400 417 3465 deos.
467 3400 757 3488 EtjamJunonia
776 3402 873 3465 laeva
1071 3432 1122 3471 220

68 3521 165 3594 parte
182 3507 306 3572 Samos
326 3509 447 3583 fuerat,
467 3507 641 3593 Delosque
661 3506 835 3594 Parosque
852 3507 1004 3579 relictae,

67 3617 189 3681 dextra
208 3614 397 3680 Lebinthos
413 3627 498 3688 erat,
516 3615 732 3700 fecundaque
750 3616 849 3678 melle
867 3613 1052 3700 Calymne,

68 3745 149 3789 cum
168 3744 252 3806 puer
270 3720 393 3800 audaci
411 3720 522 3805 coepit
537 3721 691 3807 gaudere
709 3721 836 3794 volatu,
934 3760 936 3765 -

68 3829 286 3912 deseruitque
301 3828 437 3907 ducem,
456 3827 614 3915 caelique
632 3827 797 3918 cupidine
812 3837 943 3895 nactus
1013 3901 1017 3907 ,
1121 3902 1124 3908 ,
