2444 4134
112 92 157 176 76
396 90 432 158 Τ
423 90 467 158 he
488 90 614 180 Flagrat
637 92 685 178 of
698 91 878 160 Dadanu.
1022 109 1160 184 [Marsis

112 289 259 355 destinat
274 290 368 355 hunc
384 288 501 356 Minos
517 290 678 355 thalamis
695 311 873 355 removere
890 290 1073 376 pudorem,

112 398 357 484 multiplicique
374 397 477 463 domo
493 398 674 483 caecisque
691 397 866 461 includere
884 398 993 462 tectis.

157 504 334 568 Daedalus
351 504 492 591 ingenio
509 504 626 568 fabrae
644 504 887 568 celeberrimus
905 505 987 570 artis

111 611 205 696 ponit
222 633 320 695 apae,
340 611 519 697 turbatque
537 625 646 685 notas,
666 621 699 674 et
715 610 845 673 lumina
862 609 991 674 flexum
1118 629 1161 682 160

96 718 203 782 ducit
219 717 253 781 in
271 738 419 782 errorem
437 719 608 781 variarum
628 718 775 803 ambage
792 717 938 781 viarum.

61 808 68 815 ’
110 845 179 889 non
196 843 295 889 secus
313 844 353 888 ac
370 824 518 911 liquidus
535 823 698 909 Phrygiis
715 821 903 889 Maendros
920 825 954 888 in
972 824 1064 891 arvis

110 930 208 1006 ludit,
227 941 260 994 et
276 931 439 1018 ambiguo
457 931 556 1015 lapsu
574 928 751 1015 refluitque
769 929 922 1017 fluitque,

109 1056 361 1123 occurrensque
378 1037 443 1103 sibi
459 1049 620 1101 venturas
638 1036 759 1121 aspicit
776 1038 900 1114 undas,

110 1156 143 1208 et
159 1165 251 1209 nunc
268 1146 311 1209 ad
329 1145 451 1219 fontes,
471 1165 563 1208 nunc
579 1144 624 1210 ad
642 1165 736 1208 mare
753 1166 871 1210 versus
889 1156 1045 1231 apertum
1115 1161 1159 1232 165

109 1251 257 1316 incertas
273 1261 411 1316 exercet
427 1271 557 1337 aquasz
583 1251 628 1314 ita
648 1251 823 1317 Daedalus
840 1253 959 1339 implet

109 1357 308 1423 innumeras
326 1378 439 1422 errore
457 1357 551 1431 vias3
576 1356 703 1444 vixque
721 1359 793 1443 ipse
810 1359 933 1424 reverti

110 1466 154 1530 ad
171 1465 275 1529 limen
292 1464 412 1551 potuit,
431 1475 523 1528 tanta
540 1475 591 1529 est
607 1465 744 1530 fallacia
759 1465 850 1530 tecti.

155 1571 236 1657 Quo
253 1583 432 1658 postquam
451 1572 626 1659 geminam
644 1575 730 1636 tauri
744 1573 949 1660 juvenisque
966 1573 1117 1661 figuram
1155 1638 1158 1643 ,

109 1679 242 1752 clausit,
261 1690 294 1743 et
310 1677 443 1743 Actaeo
459 1678 512 1743 bis
530 1690 663 1764 pastum
680 1679 850 1767 sanguine
867 1692 1057 1746 monstrum
1114 1712 1161 1765 ¹70

108 1786 206 1850 tertia
222 1807 296 1850 sors
313 1783 412 1849 annis
428 1786 559 1850 domuit
576 1786 716 1871 repetita
733 1787 894 1854 novenis:

108 1904 211 1979 utque
228 1913 293 1978 ope
310 1892 467 1978 virginea
484 1893 586 1958 nullis
603 1892 722 1957 iterata
738 1893 888 1978 priorum

104 1999 212 2088 janua
229 1998 376 2064 difficilis
393 1999 450 2064 filo
467 2011 517 2064 est
534 1999 671 2064 inventa
688 2001 827 2076 relecto,

108 2107 261 2194 protinus
277 2105 434 2194 Aegides
451 2118 547 2191 rapta
564 2105 721 2172 Minoide
738 2107 844 2172 Diam

107 2215 185 2279 vela
202 2214 307 2288 dedit,
326 2213 552 2300 comitemque
569 2234 666 2279 suam
685 2214 832 2279 crudelis
849 2213 884 2278 in
901 2214 960 2280 illo
1113 2247 1160 2302 17⁵

107 2323 204 2388 litore
221 2320 382 2387 destituit.
431 2319 597 2385 Desertae
614 2331 647 2384 et
664 2321 768 2385 multa
786 2321 940 2408 querenti

108 2430 288 2515 amplexus
304 2439 338 2493 et
353 2449 454 2513 opem
471 2427 577 2492 Liber
592 2428 680 2501 tulit,
698 2440 802 2514 utque
820 2428 961 2513 perenni

107 2536 218 2602 sidere
235 2535 328 2600 clara
346 2535 443 2608 foret,
462 2546 634 2618 sumptam
651 2535 693 2598 de
711 2533 819 2598 fronte
838 2556 999 2600 coronam

106 2642 245 2708 immisit
261 2642 371 2708 caelo.
418 2640 560 2705 Tenues
577 2640 668 2705 volat
685 2641 743 2704 illa
761 2662 823 2725 per
840 2662 962 2716 auras3

106 2751 256 2837 dumque
274 2750 376 2822 volat,
396 2768 557 2836 gemmae
574 2747 697 2811 nitidos
714 2759 888 2811 vertuntur
905 2747 939 2811 in
957 2748 1085 2836 ignesp
1110 2772 1160 2822 130

105 2858 359 2944 consistuntque
377 2859 465 2930 loco,
484 2853 598 2941 specie
615 2864 811 2918 remanente
829 2875 988 2929 coronae,

104 2963 161 3050 qui
180 2964 313 3028 medius
329 2960 481 3047 Nixique
498 2980 590 3047 genu
608 2970 671 3031 est,
689 2956 922 3044 Anguemque
938 2959 1097 3025 tenentis.

151 3068 327 3134 Daedalus
344 3069 472 3132 interea
490 3065 616 3132 Creten
634 3065 845 3152 longumque
862 3087 1004 3150 perosus

104 3178 276 3250 exsilium,
294 3187 471 3261 tactusque
488 3173 555 3239 loci
572 3173 694 3237 natalis
713 3193 841 3247 amore,

104 3286 241 3350 clausus
258 3296 330 3348 erat
346 3283 483 3370 pelago.
535 3281 685 3346 ‘Terras
703 3280 800 3345 licet'
816 3279 924 3366 inquit
941 3290 996 3345 ‘et
1011 3279 1124 3346 undas

102 3394 266 3464 obstruat,
285 3401 319 3455 at
334 3391 469 3453 caelum
486 3398 576 3453 certe
593 3399 705 3472 patet:
731 3387 855 3456 ibimus
873 3387 961 3451 illac.

102 3498 217 3565 omnia
234 3496 419 3582 possideat,
438 3517 505 3560 non
523 3494 673 3579 possidet
691 3499 770 3559 adra
787 3492 928 3559 Minos.'

102 3605 207 3672 dixit:
233 3614 265 3668 et
281 3603 416 3690 ignotas
434 3601 590 3686 animum¹
605 3600 739 3687 dimittit
755 3601 789 3690 in
807 3613 909 3677 arteS,
971 3668 974 3672 ,

102 3724 326 3796 naturamque
343 3720 466 3773 novate
492 3729 572 3772 nam
590 3707 684 3792 ponit
700 3707 733 3791 in
751 3708 870 3794 ordine
887 3729 1034 3793 pennas,
1054 3794 1060 3800 ι

91 3839 115 3880 a
129 3817 275 3880 minima
295 3826 449 3902 coeptas,
467 3814 611 3904 longam
627 3811 784 3898 breviore
800 3814 969 3902 sequenti,
1014 3898 1017 3904 Ι
1045 3898 1051 3906 .
1073 3899 1077 3903 ι
1103 3847 1155 3904 ¹99
