2444 4134
122 154 298 229 x111.785.]
400 139 471 208 The
499 142 644 231 Cyclops
666 143 909 232 Polyphemus·
1103 162 1163 228 131

113 337 259 424 pulcher
274 347 309 402 et
323 339 455 404 octonis
471 339 592 405 iterum
610 341 781 407 natalibus
798 341 893 415 actis,

113 445 267 533 signarat
281 444 386 510 dubia
404 457 539 510 teneras
557 446 722 534 lanugine
739 448 861 512 malas.

113 553 204 618 hunc
221 574 303 640 ego,
322 573 378 617 me
396 549 550 639 Cyclops
566 553 660 616 nulla
679 575 756 618 cum
774 555 842 618 fine
858 554 1015 640 petebat3
1116 584 1166 640 755

112 681 187 735 nec,
206 661 235 725 si
253 659 455 747 quaesieris,
474 659 589 723 odium
608 657 786 746 Cyclopis,
806 682 945 726 amorne

110 766 232 832 Acidis
249 767 285 831 in
302 768 400 832 nobis
418 765 520 830 suerit
537 768 760 850 praesentior,
781 767 905 831 edam:

110 896 172 959 par
188 887 373 962 utrumque
390 874 464 939 fuit.
515 871 603 937 Prol
628 885 756 958 quanta
773 875 922 958 potentin
938 875 1037 962 regni

110 993 172 1057 est,
190 981 315 1047 Venus
333 983 436 1056 alma,
455 979 523 1045 tuil
550 999 674 1064 nempe
692 979 749 1043 ille
767 980 905 1046 immitis
921 993 955 1046 et
969 982 1053 1067 ipsis

110 1089 305 1153 horrendus
321 1089 428 1164 silvis,
447 1100 480 1154 et
497 1088 590 1152 visus
607 1087 653 1149 ab
671 1086 803 1170 hospite
820 1088 915 1153 nullo
1114 1105 1166 1172 760

109 1196 267 1282 impune,
285 1210 319 1262 et
335 1197 452 1285 magni
470 1218 548 1262 cum
567 1196 619 1261 dis
637 1209 849 1279 contemptor
866 1195 1022 1283 Olympi,

109 1304 193 1389 quid
210 1304 254 1368 sit
271 1325 367 1370 amor
382 1305 494 1380 sentit,
513 1303 686 1388 nostrique
704 1303 864 1386 cupidine
882 1316 1001 1388 captus

109 1411 231 1485 uritur,
250 1411 374 1476 oblitus
391 1433 553 1496 pecorum
571 1421 814 1494 antrorumque
832 1431 985 1474 suorum.

149 1516 301 1604 Jamque
317 1518 376 1582 tibi
393 1518 535 1587 formae,
550 1517 691 1605 jamque
708 1527 758 1580 est
776 1514 835 1579 tibi
852 1537 934 1580 cura
952 1517 1125 1601 placendi,

105 1621 177 1711 jam
197 1623 328 1710 rigidos
344 1625 452 1710 pectis
468 1625 596 1698 rastris,
616 1621 844 1709 Polypheme,
864 1623 1028 1707 capillos3
1113 1642 1162 1709 765

104 1730 179 1818 jam
197 1731 279 1795 libet
296 1731 460 1795 hirsutam
477 1730 535 1796 tibi
552 1729 640 1795 falce
657 1730 810 1795 recidere
828 1729 982 1803 barbam,

108 1848 143 1901 et
158 1849 316 1922 spectare
332 1838 421 1902 seros
438 1838 473 1902 in
490 1858 592 1924 aqua,
611 1848 643 1901 et
659 1857 865 1921 componere
882 1837 1004 1901 vultus.

108 1944 227 2008 caedis
245 1964 341 2008 amor
357 1943 539 2030 feritasque
556 1943 694 2031 sitisque
711 1944 879 2007 immensa
897 1943 1027 2008 cruoris

108 2062 258 2126 cessant,
278 2061 311 2114 et
325 2062 416 2115 tutae
433 2051 639 2138 veniuntque
656 2051 848 2135 abeuntque
866 2050 1015 2114 carinae.

107 2156 277 2222 Telemus
293 2157 421 2222 interea
438 2157 590 2223 Siculam
609 2158 741 2222 delatus
759 2158 804 2221 ad
822 2156 971 2232 Aetnen,
1112 2187 1164 2241 770

107 2264 275 2328 Telemus
292 2263 511 2351 Eurymides,
529 2287 632 2352 quem
649 2265 743 2329 nulla
760 2264 926 2330 fefellerat
941 2266 1027 2340 ales,

105 2371 294 2436 terribilem
327 2371 566 2460 Polyphemon
604 2373 693 2447 adit3
724 2370 906 2436 ‘Lumen'
936 2393 1015 2460 que,
1050 2373 1162 2460 ‘quod

245 2499 351 2543 unum

106 2585 218 2650 fronte
235 2586 328 2673 geris
344 2586 470 2662 media,
489 2585 597 2671 rapiet
613 2585 692 2651 tibi’
710 2586 795 2651 dixit
810 2587 819 2616 ‘
833 2587 982 2654 Ulixes.’

106 2693 193 2766 risit,
212 2703 246 2756 et
260 2692 269 2721 ‘
282 2691 314 2757 0
330 2704 446 2757 vatum
462 2693 692 2768 stolidissime,
713 2693 863 2761 salleris'
879 2697 1008 2785 inquit:

105 2799 233 2864 ‘altera
245 2799 318 2887 jam
335 2799 470 2884 rapuit’
516 2798 577 2864 Sic
595 2801 717 2865 frustra
735 2825 816 2866 vera
835 2818 1029 2871 monentem
1110 2839 1159 2895 775

106 2907 250 2992 spernit,
269 2917 301 2970 et
318 2918 376 2970 aut
392 2907 554 2993 gradiens
572 2907 701 2995 ingenti
722 2911 819 2974 litora
838 2933 941 2997 passu

105 3015 288 3100 degravat,
306 3026 365 3077 aut
380 3012 489 3079 sessus
505 3015 569 3079 sub
585 3037 695 3100 opaca
712 3017 889 3082 revertitur
905 3033 1013 3085 antra.

151 3118 327 3185 Prominet
343 3119 377 3184 in
393 3133 534 3207 pontum
552 3137 717 3190 cuneatus
734 3129 892 3192 acumine
908 3128 1013 3215 longo

104 3227 225 3292 collis:
250 3238 430 3314 utrumque
447 3229 536 3294 latus
556 3232 759 3298 circumfluit
776 3234 933 3320 aequoris
949 3236 1064 3300 unda:

104 3337 175 3399 huc
192 3334 284 3400 serus
300 3339 453 3405 ascendit
470 3339 637 3428 Cyclops,
656 3340 856 3427 mediusque
873 3342 1018 3415 resedit;
1108 3360 1132 3428 7¹

103 3442 284 3529 lanigerae
301 3447 466 3529 pecudes,
484 3449 578 3531 nullo
595 3448 753 3522 ducente,
772 3461 921 3512 secutae.

103 3549 161 3615 cui
178 3562 357 3638 postquam
378 3557 492 3642 pinus,
512 3554 625 3620 baculi
643 3576 732 3641 quae
749 3555 905 3639 praebuit
920 3577 1034 3630 usum,

103 3668 185 3721 ante
202 3660 308 3744 pedes
325 3661 435 3748 posita
452 3672 515 3736 est,
534 3660 704 3726 antemnis
721 3673 800 3746 apta
816 3659 978 3732 serendis,

103 3780 310 3856 sumptaque
327 3767 552 3834 arundinibus
568 3779 747 3854 compacta
764 3779 815 3832 est
830 3766 942 3831 fistula
958 3779 1103 3832 centum.

91 3871 351 3937 sensenrnmmi
360 3873 517 3956 pastoria
535 3875 638 3944 sibila
658 3891 811 3958 montes,
