2444 4134
67 166 212 238 lv.163.]
270 159 274 166 ’
322 160 440 226 Dealh
464 166 511 244 of
526 162 604 227 bollr
628 163 684 227 the
706 162 853 227 Lovcrs.
1074 183 1115 249 41

59 368 262 444 quantaque
278 357 390 422 vitarit
406 380 545 422 narrare
563 360 715 444 pericula
733 360 847 445 gestit.
1070 389 1120 443 130

58 478 169 551 utque
186 465 314 539 locum,
334 477 366 527 et
381 464 453 528 visa
471 467 648 551 cognoscit
665 465 697 528 in
715 466 835 528 arbore
853 464 1012 538 sormam,

58 572 112 635 sic
131 572 213 635 facit
229 570 392 635 incertam
413 571 504 654 pomi
522 573 636 636 color:
663 572 793 644 haeret,
813 592 856 633 an
875 572 961 634 haec
979 571 1032 635 sit.

59 679 145 742 dum
164 679 306 751 dubitat,
326 677 552 742 tremebunda
569 679 661 742 videt
677 679 813 762 pulsare
831 692 1007 741 cruentum

60 785 219 848 membra
237 786 362 857 solum,
381 794 538 868 retroque
555 785 677 868 pedem
695 784 782 855 tulit,
800 804 929 867 oraque
946 783 1039 847 buno

60 891 246 976 pallidiora
263 913 403 977 gerenS,
423 891 598 953 exhorruit
616 890 773 975 aequoris
791 889 909 961 instar,
1070 919 1116 976 ¹35

58 999 156 1084 quod
172 998 298 1071 tremit,
317 997 444 1081 exigua
462 1017 539 1060 cum
559 1018 728 1060 summum
748 996 924 1082 stringitur
943 1016 1038 1058 aura.

81 1090 88 1123 '⁵
108 1104 182 1170 Sed
199 1116 379 1190 postquam
398 1116 567 1167 remorata
585 1125 665 1166 suos
682 1104 842 1189 cognovit
859 1123 1007 1176 amores,

60 1213 209 1299 percutit
225 1211 386 1297 indignos
404 1210 497 1274 claro
514 1211 682 1294 plangore
699 1209 857 1282 lacertos,

60 1330 95 1383 et
113 1319 241 1405 laniata
257 1338 386 1389 comas,
406 1317 634 1402 amplexaque
652 1337 775 1402 corpus
793 1330 957 1391 amatum,

59 1426 205 1489 vulnera
223 1424 396 1509 supplevit
412 1423 575 1497 lacrimis,
593 1423 780 1509 fletumque
798 1424 909 1489 cruori
1068 1454 1117 1507 ¹40

60 1531 210 1605 miscuit,
230 1542 264 1595 et
280 1531 405 1618 gelidis
422 1531 455 1593 in
474 1531 621 1595 vultibus
638 1531 756 1595 oscula
773 1532 896 1619 figens,

61 1636 279 1725 ‘Pyramel'
295 1637 456 1701 clamavit
473 1637 571 1723 ‘quis
588 1649 621 1700 te
639 1636 720 1699 mihi
740 1658 840 1702 casus
857 1635 1006 1702 ademit?

60 1744 226 1832 Pyrame,
244 1743 435 1829 responde:
461 1755 518 1807 tua
536 1756 567 1807 te
585 1743 763 1807 carissima
780 1744 913 1809 Thisbe

60 1854 236 1925 nominat:
261 1842 402 1925 exaudi,
420 1851 600 1937 vultusque
618 1852 732 1915 attolle
745 1850 899 1938 jacentes
913 1849 941 1913 l’

106 1959 163 2023 Ad
181 1979 307 2022 nomen
324 1956 475 2021 Thisbes
491 1958 611 2037 oculos
622 1956 693 2043 jam
714 1970 820 2021 morte
837 1969 998 2043 gravatos
1067 1989 1113 2045 145

60 2064 234 2153 Pyramus
249 2064 370 2137 erexit,
390 2065 533 2149 visaque
550 2065 741 2128 recondidit
756 2063 814 2128 illa
827 2088 836 2138 3

60 2194 150 2259 quae
167 2182 349 2257 postquam
368 2183 566 2257 vestemque
583 2192 680 2235 suam
700 2172 873 2257 cognovit,
893 2185 925 2236 et
941 2193 1023 2235 ense

50 2268 144 2345 'vidit
158 2280 246 2345 ebur
261 2299 424 2351 vacuum,
444 2277 545 2341 ‘Tua
562 2289 594 2341 te
611 2278 754 2342 manus'
770 2279 878 2365 inquit
896 2290 1082 2365 ‘amorque

59 2386 222 2471 perdidit,
237 2384 373 2449 infelix.
423 2383 485 2448 Est
501 2395 534 2448 et
550 2384 633 2448 mihi
650 2385 744 2449 sortis
761 2385 794 2448 in
813 2408 917 2449 unum

60 2495 126 2558 hoc
143 2514 281 2569 manus,
300 2503 400 2557 estet
416 2512 533 2566 amor3
558 2492 651 2557 dabit
666 2492 722 2556 hic
738 2492 773 2556 in
789 2494 932 2557 vulnera
948 2492 1050 2558 vires.

59 2598 487 2687 persequor'exstinctum,
504 2598 630 2685 letique
648 2599 840 2664 miserrima
856 2600 952 2664 dicar

59 2728 166 2771 causa
183 2727 367 2793 comesque
384 2705 453 2781 tui;
477 2705 603 2792 quique
621 2726 641 2770 a
659 2727 713 2770 me
732 2718 837 2771 morte
854 2706 971 2771 revelli

59 2814 128 2879 heu
144 2806 219 2879 sola
237 2817 387 2899 poteras,
405 2813 532 2898 poteris
549 2833 615 2877 nec
631 2825 738 2877 morte
755 2813 885 2878 revelli.

20 3006 25 3011 ,
59 2922 127 2987 hoc
141 2934 258 2985 tamen
275 2921 454 2984 amborum
471 2920 585 2985 verbis
601 2933 707 2985 estote
724 2922 847 3008 rogati,

57 3028 93 3095 Ο
110 3029 252 3093 multum
272 3026 399 3102 miseri,
418 3048 514 3091 mens
532 3027 690 3113 illiusque
708 3039 880 3113 parentes,

57 3148 96 3201 ut
112 3156 198 3223 quos
215 3148 328 3200 certus
346 3155 453 3208 amor,
471 3156 556 3220 quos
574 3136 657 3198 hora
674 3135 859 3200 novissima
871 3136 996 3224 junxit,

58 3242 219 3326 componi
237 3241 453 3307 tumulonon
469 3240 651 3305 invideatis
668 3244 800 3306 eodem.

59 3360 95 3413 at
110 3358 160 3421 tu,
177 3368 266 3433 quae
284 3348 388 3411 ramis
407 3348 506 3412 arbor
524 3348 718 3413 miserabile
736 3370 860 3433 corpus

58 3474 153 3519 nunc
169 3454 257 3540 tegis
274 3455 387 3527 unius,
407 3476 487 3518 mox
504 3476 541 3518 es
558 3467 686 3518 tectura
703 3456 860 3530 dnornrn,

58 3562 162 3649 signa
178 3572 257 3625 tene
274 3561 403 3634 caedis,
423 3562 602 3646 pullosque
619 3573 652 3624 et
667 3561 814 3625 luctibus
832 3576 927 3647 aptos
1062 3580 1109 3634 160

19 3704 24 3709 ·
57 3688 198 3753 semper
214 3667 302 3731 habe
319 3666 419 3738 setus,
439 3667 567 3755 gemini
587 3682 804 3731 monumenta
822 3670 976 3735 cruoris?

105 3774 216 3849 Dixit,
234 3785 267 3838 et
284 3784 398 3856 aptato
412 3786 533 3856 pectus
551 3794 713 3838 mucrone
731 3774 795 3838 snb
811 3773 919 3839 imum

50 3876 318 3947 incubuitkrm,
338 3878 433 3958 quod
446 3879 565 3945 adhuc
583 3903 602 3945 a
622 3884 734 3952 caede
751 3886 910 3975 tepebat.
