2444 4134
73 137 119 227 84
373 137 443 206 The
472 139 689 226 Calydonrim
712 139 829 206 Hunt.
981 156 1124 230 [Mem

74 356 139 400 nec
155 356 272 401 mora:
296 338 379 403 dum
396 336 516 410 saevit,
534 338 617 402 dum
635 358 778 423 corpora
794 335 962 403 versatio
979 340 1111 415 orbem,

74 442 340 530 stridentemque
357 465 446 508 novo
462 464 621 527 spumam
638 464 716 508 cum
734 443 905 529 sanguine
922 443 1048 521 fundit,

74 549 224 614 vulneris
241 563 359 615 auctor
375 550 484 625 adest,
505 551 704 636 hostemque
721 550 829 614 irritat
846 550 889 615 ad
906 549 1010 627 iram,

74 656 322 743 splendidaque
339 658 501 722 adversos
519 658 689 721 venabula
707 656 872 721 conditio
890 677 1020 723 armos.

73 762 201 849 gaudia
219 775 383 827 testantur
398 763 481 828 socii
499 764 649 828 clamore
666 762 830 838 secundo,
1076 796 1125 849 420

75 868 315 954 victricemque
332 881 450 953 petunt
466 871 607 934 dextrae
624 869 835 956 conjungere
852 869 1025 936 dextram.

74 974 328 1060 immanemque
346 976 455 1039 ferum
474 976 579 1040 multa
595 976 715 1040 tellure
729 975 902 1062 jacentem

74 1081 236 1147 mirantes
253 1095 427 1167 spectant;
453 1104 563 1170 neque
581 1083 694 1147 adhuc
711 1082 913 1169 contingere
928 1093 1041 1149 tutum

73 1210 149 1254 esse
168 1199 298 1273 putant,
317 1188 378 1253 sed
394 1190 461 1253 tela
477 1200 591 1254 tamen
608 1210 671 1253 sua
688 1189 833 1275 quisque
850 1201 1020 1255 cruentat.

73 1295 146 1381 ipse
164 1296 251 1381 pede
267 1295 425 1381 imposito
442 1307 544 1381 caput
560 1294 733 1361 exitiabile
749 1295 885 1381 pressit,
1074 1328 1124 1385 4²5

74 1416 175 1490 atque
192 1403 258 1467 ita:
285 1401 414 1468 ‘Sume
432 1403 499 1466 mei
517 1402 678 1487 spolium,
696 1399 887 1477 Nonacria,
902 1401 1011 1490 juris’
1034 1453 1041 1464 .

73 1510 159 1576 dixit
176 1510 280 1575 ‘etin
299 1522 429 1595 partem
447 1509 561 1574 veniat
578 1530 654 1572 mea
672 1508 782 1595 gloria
799 1508 938 1574 tecum’

74 1617 226 1703 protinus
243 1616 399 1691 exuvias,
417 1615 537 1705 rigidis
554 1616 725 1680 horrentia
742 1617 845 1681 saetis

72 1735 170 1812 terga
187 1725 258 1796 dat,
277 1735 310 1789 et
325 1723 462 1811 magnis
480 1723 629 1810 insignia
645 1722 803 1789 dentibus
820 1743 894 1788 ora.
1092 1801 1094 1804 y

118 1831 173 1896 Illi
189 1831 337 1896 laetitiae
354 1843 404 1896 est
420 1851 498 1895 cum
517 1851 659 1894 munere
676 1829 826 1895 muneris
843 1841 981 1905 auctor3
1075 1863 1127 1917 430

71 1938 226 2004 invidere
243 1938 313 2011 alii,
332 1949 468 2024 totoque
485 1949 558 2002 erat
573 1936 713 2024 agmine
730 1958 898 2001 murmur.

72 2048 231 2135 equibus
248 2046 377 2134 ingenti
395 2047 572 2111 tendentes
588 2045 751 2110 bracchia
768 2066 854 2111 voce

64 2165 83 2195 ἦ
96 2154 191 2220 Pone
208 2176 289 2242 age,
307 2174 372 2218 nec
387 2154 501 2218 titulos
518 2152 694 2237 intercipe,
714 2152 856 2227 femina,
874 2151 1025 2219 nostros’

71 2261 281 2327 Thestiadae
298 2262 464 2333 clamant,
484 2271 620 2324 ‘necte
638 2259 766 2323 fiducia
783 2258 913 2324 formae

72 2368 232 2453 decipiat,
251 2388 295 2431 ne
311 2367 354 2431 sit
369 2367 472 2453 longe
489 2365 549 2429 tibi
566 2378 686 2450 captus
703 2386 820 2431 amore
1073 2396 1125 2452 435

72 2473 227 2539 auctor':
253 2485 285 2538 et
302 2473 382 2537 huic
399 2473 553 2536 adimunt
569 2495 706 2547 munus,
720 2472 777 2560 jus
795 2472 945 2538 muneris
961 2472 1023 2536 illi.

71 2603 139 2645 non
156 2581 242 2655 tulit,
261 2592 295 2645 et
309 2580 438 2645 tumida
456 2580 617 2644 frendens
635 2578 825 2644 Mavortius
842 2581 906 2652 ira,

73 2699 81 2729 ‘
96 2687 240 2761 Discite,
256 2699 409 2771 raptores
427 2686 547 2749 alieni'
564 2686 650 2750 dixit
668 2697 676 2726 ⁶
691 2687 841 2759 honoris,

71 2795 160 2859 sacta
179 2793 279 2857 minis
296 2805 459 2879 quantum
478 2793 602 2856 distent
614 2793 642 2866 ς’
658 2793 838 2878 hausitque
856 2792 1005 2858 nefando

71 2914 209 2986 pectora
227 2899 399 2985 Plexippi,
418 2900 465 2963 nil
482 2900 549 2964 tale
567 2899 733 2974 timentia,
752 2899 853 2965 ferro.
1071 2932 1126 2985 440

70 3006 205 3082 Toxea,
224 3007 305 3093 quid
323 3006 425 3070 saciat
441 3006 596 3095 dubium,
615 3007 807 3093 pariterque
822 3008 994 3072 volentem
1027 3027 1029 3032 ’

70 3113 189 3178 ulcisci
207 3113 345 3177 fratrem
363 3113 580 3199 fraternaque
595 3113 665 3178 sata
681 3113 869 3185 timentem,

71 3221 164 3286 haud
182 3221 305 3306 patitur
322 3221 477 3285 dubitare
494 3220 566 3295 diu,
585 3220 804 3306 calidumque
822 3220 925 3306 priori

71 3328 178 3392 caede
194 3327 368 3391 recalfecit
384 3326 530 3391 consorti
547 3326 717 3413 sanguine
734 3327 851 3392 telum.

117 3433 337 3500 Donadeum
354 3434 502 3518 templis,
521 3445 601 3497 nato
617 3433 757 3508 victore,
777 3434 918 3509 serebat,
1071 3466 1125 3522 445

72 3562 149 3605 cum
167 3540 259 3605 videt
275 3540 458 3605 exstinctos
475 3540 595 3604 fratres
613 3537 762 3604 Althaea
778 3541 908 3606 referri.

71 3669 159 3734 quae
177 3648 343 3734 plangore
360 3648 439 3711 dato
456 3646 594 3711 maestis
611 3647 818 3711 clamoribus
835 3648 957 3712 urbem

71 3755 202 3839 implet,
221 3768 254 3819 et
269 3753 396 3818 auratis
413 3753 555 3818 mutavit
570 3753 720 3816 vestibus
737 3765 840 3818 atras.

49 3859 211 3924 uterino!
223 3873 279 3928 est
292 3873 419 3929 auctor
433 3861 534 3930 necis
550 3859 681 3937 editus,
699 3858 833 3924 excidit
846 3860 963 3924 omrirs
983 3855 985 3858 ’
