2444 4134
93 170 157 218 112
416 149 489 216 Tae
516 150 635 235 Chr‘ess
657 161 696 216 at
725 150 830 237 Troy.
1002 119 1134 241 [Murus

92 348 201 414 attulit
217 347 252 413 in
269 345 428 434 patriam,
447 347 712 436 conjurataeque
730 360 918 435 sequuntur

92 457 185 520 mille
201 468 303 531 rates,
322 455 502 543 gentisque
519 455 620 520 simul
637 475 819 520 commune
836 453 1022 543 Pelasgae.

92 584 156 627 nec
172 563 276 627 dilata
292 562 378 627 soret
394 562 555 638 vindicta,
574 561 638 626 nisi
657 582 806 648 aequora
822 562 918 626 saevi

91 669 183 734 invia
197 668 357 733 fecissent
372 668 476 744 venti,
495 667 693 754 Boeotaque
709 669 810 733 tellus

91 774 219 841 Aulide
236 776 371 860 piscosa
388 796 522 860 puppes
538 775 701 840 tenuisset
718 774 835 842 ituras.
1112 813 1138 852 10

138 884 207 949 Hic
223 884 332 969 patrio
349 885 391 948 de
409 905 501 948 more
514 883 591 970 Jovi
609 904 687 948 cum
706 906 806 950 sacra
822 901 1015 973 parassent,

92 1001 129 1056 ut
144 1002 241 1055 vetus
258 990 413 1055 accensis
430 990 606 1055 incanduit
622 990 761 1077 ignibus
778 1014 850 1069 ara,

92 1119 229 1182 serpere
247 1098 444 1162 caeruleum
463 1096 578 1159 Danai
595 1097 710 1162 videre
729 1100 912 1166 draconem

92 1204 127 1268 in
145 1205 335 1290 platanum,
355 1203 484 1288 coeptis
500 1225 590 1289 quae
608 1205 719 1270 stabat
735 1207 891 1291 proxima
909 1210 1030 1276 sacris.

93 1311 194 1375 nidus
210 1325 283 1375 erat
299 1312 476 1374 volucrum
494 1309 546 1374 bis
563 1324 721 1397 quattuor
738 1315 858 1379 arbore
876 1338 1025 1393 summa,
1113 1346 1139 1403 15

92 1438 178 1505 quas
195 1418 296 1482 simul
314 1428 346 1481 et
363 1428 505 1481 matrem
524 1417 652 1482 circum
669 1441 730 1483 sua
747 1420 873 1485 damna
891 1423 1062 1488 volantem

93 1525 255 1610 corripuit
273 1546 427 1609 serpens,
447 1526 617 1612 avidaque
635 1527 850 1592 abscondidit
866 1529 955 1593 alvo.

92 1634 298 1717 obstupuere
314 1654 447 1697 omnes.
496 1631 543 1696 At
560 1633 630 1697 veri
648 1634 808 1718 providus
826 1656 938 1723 augur

92 1739 317 1804 Thestorides
335 1739 564 1804 ‘Vincemus’
581 1741 639 1815 ait,
660 1742 843 1827 ‘gaudete
863 1741 1025 1831 Pelasgiz

94 1846 200 1934 Troja
217 1847 337 1921 cadet3
362 1848 423 1912 sed
440 1848 502 1911 erit
518 1847 622 1911 nostri
641 1869 735 1911 mora
752 1850 857 1936 longa
875 1850 1001 1915 laboris
1013 1851 1044 1926 3'
1113 1884 1144 1922 20

95 1965 195 2041 atque
212 1975 336 2018 novem
354 1954 510 2018 volucres
528 1952 561 2015 in
580 1954 659 2017 belli
678 1955 801 2042 digerit
819 1977 939 2021 annos,

93 2061 165 2135 ille,
183 2072 220 2126 ut
236 2072 320 2136 erat,
339 2060 465 2125 virides
482 2060 662 2144 amplexus
679 2061 713 2124 in
731 2062 851 2126 arbore
869 2084 982 2128 ramos

93 2169 131 2234 fit
146 2169 247 2255 lapis,
266 2181 299 2234 et
315 2181 454 2254 superat
470 2166 636 2250 serpentis
653 2166 804 2255 imagine
821 2190 957 2233 saxum.

140 2276 324 2341 Permanet
340 2275 463 2340 Aoniis
480 2273 616 2338 Nereus
632 2274 800 2340 violentus
817 2276 852 2340 in
868 2278 982 2353 undiS,

93 2383 253 2470 bellaque
270 2406 338 2448 non
357 2383 535 2454 transsert3
561 2392 594 2445 et
611 2391 700 2456 sunt,
719 2382 776 2467 qui
795 2404 935 2467 parcere
952 2385 1081 2473 Trojae
1114 2415 1144 2473 25

94 2489 295 2575 Neptunum
315 2493 468 2566 credant,
487 2491 567 2577 quia
587 2490 720 2555 moenia
738 2491 865 2556 fecerat
881 2493 967 2556 urbi.

95 2608 129 2661 at
146 2619 213 2661 non
230 2596 475 2662 Thestorides:
502 2618 567 2662 nec
584 2597 676 2662 enim
694 2598 843 2662 nescitve
860 2609 1004 2675 tacetve,

94 2703 264 2789 sanguine
281 2703 436 2790 virgineo
454 2705 660 2789 placandam
679 2704 821 2791 virginis
838 2704 924 2768 iram

95 2831 169 2874 esse
187 2810 285 2873 deae.
335 2810 519 2897 Postquam
538 2813 697 2897 pietatem
715 2811 852 2895 publica
869 2833 985 2887 causa,

95 2937 223 3002 rexque
241 2928 371 3001 patrem
389 2918 480 2992 vicit,
500 2931 699 3004 castumque
718 2917 835 2981 datura
855 2939 1010 2983 cruorem
1114 2951 1148 3005 30

95 3022 252 3087 flentibus
270 3036 348 3087 ante
366 3045 459 3086 aram
478 3025 567 3089 stetit
584 3024 768 3112 Iphigenia
787 3025 959 3102 ministris

96 3130 183 3194 victa
199 3129 264 3194 dea
282 3142 344 3203 est,
364 3131 557 3216 nubemque
573 3132 682 3196 oculis
699 3130 835 3219 objecit,
855 3143 887 3194 et
903 3131 990 3196 inter

95 3236 243 3300 officium
260 3238 462 3322 turbamque
480 3237 567 3302 sacri
585 3259 755 3325 vocesque
772 3252 974 3323 precantum

95 3343 269 3427 subposita
287 3344 391 3407 fertur
409 3356 557 3408 mutasse
574 3344 763 3430 Mycenida
781 3366 895 3409 cerva.

95 3471 179 3536 ergo
196 3449 266 3523 ubi,
285 3470 353 3535 qua
370 3450 496 3524 decuit,
515 3451 617 3513 lenita
635 3464 685 3514 est
702 3453 808 3516 caede
826 3451 954 3526 Diana,

95 3567 128 3619 et
144 3555 269 3640 pariter
286 3555 456 3628 Phoebes,
475 3555 601 3640 pariter
618 3557 721 3621 maris
739 3559 787 3621 ira
805 3559 965 3635 recessit:

76 3661 256 3743 acciprimt
275 3674 430 3730 ventosa
451 3675 551 3753 tergo
569 3664 664 3729 mille
683 3666 840 3740 carinae,

49 3768 239 3854 multaque
251 3795 461 3862 perpessae
477 3775 650 3867 Phrygia
668 3775 853 3862 potiuntur
873 3787 997 3831 arena.

77 3869 181 3939 Orbe
196 3879 306 3952 locus
325 3890 461 3958 medio
478 3901 540 3957 est
559 3889 658 3955 inter
676 3898 875 3965 terrasque
892 3874 1102 3948 imum&

1114 3487 1146 3539 33
