2444 4134
67 149 123 202 IV.
138 95 213 219 784]
373 130 444 196 The
465 127 656 217 Marriage
678 128 848 195 Festtbal.
1078 144 1120 216 47

65 350 160 394 nunc
177 350 315 415 quoque
332 328 469 392 curaliis
485 328 606 392 eadem
625 339 745 391 natura
762 327 937 403 remansit,
1072 355 1122 410 750

66 437 228 502 duritiam
245 446 335 500 tacto
352 435 489 518 capiant
505 446 541 497 ut
557 435 600 498 ab
617 439 709 508 abre,
728 435 887 519 quodque

64 543 183 606 vimen
201 543 236 605 in
254 562 402 627 aequore
420 553 504 614 erat,
523 541 583 604 fiat
599 561 702 624 super
717 561 867 624 aequora
884 562 1021 605 saxum.

114 648 178 714 Dis
194 650 300 713 tribus
318 649 375 711 ille
392 647 486 712 focos
504 648 642 710 totidem
660 647 703 710 de
720 646 847 728 cespite
865 648 972 730 ponit,

67 756 204 818 laevum
224 753 411 827 Mercurio,
431 754 588 817 dextrum
606 753 680 826 tibi,
700 752 822 816 bellica
839 752 969 839 Virg03

67 883 128 924 ara
140 861 238 948 Jovis
255 863 366 926 media
384 872 454 924 est:
483 871 649 922 mactatur
665 878 771 922 vacca
789 857 983 935 Minervae,
1071 891 1119 947 755

68 968 196 1052 alipedi
213 968 350 1042 vitulus,
369 979 486 1031 taurus
504 964 576 1039 tibi,
596 985 729 1029 summe
746 964 900 1029 deorum.

68 1075 222 1160 protinus
238 1073 487 1138 Andromedan
503 1083 537 1137 et
553 1072 635 1136 tanti
654 1071 806 1155 praemia
823 1071 902 1136 facti

68 1182 220 1246 indotata
238 1182 335 1264 rapit.
385 1180 525 1244 Taedas
544 1177 770 1265 Hymenaeus
786 1175 963 1264 Amorque

69 1288 305 1373 praecutiunt;
331 1287 437 1374 largis
453 1288 618 1352 satiantur
634 1285 795 1350 odoribus
811 1284 923 1371 ignes,

68 1408 227 1480 sertaque
244 1396 440 1478 dependent
455 1394 564 1468 tectis,
583 1406 616 1457 et
632 1391 757 1478 ubique
774 1392 940 1478 lyraeque
1071 1417 1122 1477 760

68 1503 220 1587 tibiaque
238 1513 271 1565 et
287 1514 419 1576 cantus,
437 1501 542 1565 animi
560 1500 672 1565 felicia
691 1499 769 1562 laeti

70 1620 286 1696 argumenta,
306 1620 439 1672 sonant.
490 1607 667 1672 Reseratis
685 1627 788 1671 aurea
805 1607 914 1672 valvis

70 1716 154 1779 atria
172 1727 239 1779 tota
259 1726 386 1798 patent,
406 1716 619 1800 pulchroque
637 1714 801 1779 instructa
819 1728 939 1800 paratu

69 1821 227 1906 Cepheni
245 1843 403 1907 proceres
420 1821 538 1886 ineunt
555 1821 710 1886 convivia
728 1821 831 1908 regis.

115 1929 301 2015 Postquam
319 1929 428 2012 epulis
446 1928 550 1993 functi
568 1929 726 2016 generosi
746 1950 886 1993 munere
903 1928 1033 1994 Bacchi
1069 1945 1119 2016 765

70 2036 238 2101 diffudere
256 2036 400 2110 animos,
420 2037 597 2121 cultusque
614 2057 791 2123 genusque
808 2037 959 2100 locorum

69 2142 203 2227 quaerit
219 2141 407 2228 Lyncides,
428 2164 606 2228 moresque
625 2143 847 2228 animumque
865 2144 1013 2207 virorum
1028 2166 1036 2218 ;

70 2249 127 2334 qui
146 2249 247 2313 simul
264 2249 411 2323 edocuit,
432 2248 571 2324 ‘Nunc,
592 2249 624 2314 Ο
641 2250 846 2325 fortissime,'
862 2251 948 2314 dixit

70 2357 166 2420 ‘sare
184 2377 316 2440 precor,
336 2355 477 2427 Perseu,
496 2370 622 2443 quanta
640 2357 773 2431 virtute,
792 2359 984 2444 quibusque
1068 2387 1120 2441 770

68 2462 198 2526 artibus
215 2463 394 2526 abstuleris
411 2463 531 2526 crinita
549 2464 754 2528 draconibus
772 2465 857 2528 ora.’

67 2580 183 2633 narrat
200 2567 416 2656 Agenorides
433 2571 548 2656 gelido
566 2572 628 2634 sub
645 2570 784 2635 Atlante
797 2571 969 2660 jacentem

67 2697 143 2739 esse
160 2676 274 2739 locum
292 2675 420 2740 solidae
438 2689 544 2740 tutum
563 2677 751 2742 munimine
768 2681 881 2754 moliS,

67 2782 165 2870 cujus
183 2782 217 2846 in
234 2782 369 2847 introitu
386 2783 545 2870 geminas
562 2784 733 2850 habitasse
752 2809 885 2857 sorores

67 2889 269 2965 PhorcidaS,
288 2890 389 2955 unius
406 2891 545 2974 partitas
563 2891 702 2956 luminis
720 2916 841 2958 usumr

65 2996 101 3059 id
118 3017 154 3060 se
172 2996 298 3061 sollerti
316 2996 443 3072 furtim,
463 2998 544 3061 dum
563 2999 719 3075 traditur,
739 3015 813 3066 astu

66 3103 240 3187 subposita
259 3105 389 3189 cepisse
407 3125 532 3180 manu3
561 3129 690 3194 perque
708 3110 822 3174 abdita
839 3111 943 3199 longe

66 3211 236 3296 deviaque
252 3222 285 3275 et
301 3211 394 3275 silvis
412 3212 585 3278 horrentia
602 3236 687 3279 saxa
704 3217 851 3304 fragosis

67 3316 271 3404 Gorgoneas
287 3318 439 3406 tetigisse
459 3323 600 3395 domos3
626 3324 822 3409 passimque
839 3346 900 3408 per
917 3347 1018 3412 agros

67 3445 196 3509 perque
212 3424 285 3489 vias
303 3427 429 3492 vidisse
447 3428 623 3492 hominum
643 3428 825 3494 simulacra
844 3431 1060 3519 ferarumque

67 3532 100 3594 in
119 3533 248 3597 silicem
267 3558 310 3600 ex
326 3536 410 3620 ipsis
427 3536 499 3600 visa
516 3556 682 3599 conversa
700 3534 868 3601 Medusa:

65 3661 103 3704 se
121 3654 233 3706 tamen
253 3644 443 3708 horrendae
461 3643 575 3726 clipei,
593 3644 684 3728 quod
701 3644 800 3707 laeva
818 3645 971 3730 gerebat,

67 3769 145 3812 aere
163 3772 376 3836 repercusso,
396 3749 539 3813 sormam
558 3749 735 3834 aspexisse
751 3748 941 3824 Medusae3

63 3856 212 3936 dumque
223 3855 345 3936 gravis
360 3877 503 3920 somnus
521 3856 757 3950 colubrasque
774 3858 962 3951 ipsamque
976 3859 1135 3934 tenebat,
