2444 4134
68 102 109 162 16
261 117 285 160 1.
319 96 389 162 The
418 94 582 161 Creutr‘on
606 95 680 158 ond
701 94 757 157 tlte
779 93 905 158 Floud.
971 109 1121 180 [Murro.

65 315 170 380 quam
187 314 369 358 commune
387 292 470 355 mihi
487 314 598 378 genus
616 302 648 354 et
664 290 828 375 patruelis
845 291 957 376 orig0‚

66 400 190 464 deinde
207 411 299 464 torus
312 399 438 486 junxit,
458 420 549 461 nunc
566 399 641 481 ipsa
659 398 811 481 pericula
825 396 995 483 jungunt:

66 520 245 579 terrarum,
264 526 499 592 quascumque
517 504 634 568 vident
649 525 794 569 occasus
812 518 843 567 et
860 518 965 578 ortus,

66 635 129 677 nos
145 614 212 676 duo
230 611 327 675 turba
345 633 461 676 sumus
509 611 659 694 possedit
675 621 788 673 cetera
806 622 941 693 pontus.
1068 641 1122 697 353

67 721 154 783 haec
170 739 327 812 quoque
323 719 437 782 adhuc
454 730 542 780 vitae
559 738 627 781 non
645 729 695 780 est
711 717 836 779 fiducia
854 729 988 781 nostrae

67 837 157 889 certa
176 824 278 897 satis3
303 810 430 887 terrent
439 808 546 886 etiam
566 844 656 885 nuuc
674 823 790 885 nubila
809 836 969 887 mentem.

67 932 147 1016 quid
165 931 237 1001 tibi,
257 929 283 995 si
302 929 376 993 sine
394 951 448 992 me
466 929 542 992 fatis
560 943 675 1011 erepta
693 929 827 1008 fuisses,

67 1058 159 1101 nunc
176 1036 293 1111 animi,
314 1037 521 1108 miseranda,
541 1033 646 1098 soret?
670 1057 738 1122 quo
755 1037 828 1100 sola
845 1036 999 1101 timorem

66 1144 154 1208 ferre
172 1145 272 1208 modo
290 1165 333 1228 po
335 1113 430 1206 ses?
447 1164 515 1228 quo
533 1144 730 1206 consolante
748 1143 904 1207 doleres?
1068 1163 1122 1229 360

67 1271 215 1337 namque
233 1271 299 1336 ego
333 1251 434 1314 crede
452 1249 548 1322 mihi,
569 1251 595 1312 si
614 1262 644 1312 te
662 1271 798 1334 quoque
816 1263 938 1333 pontus
956 1251 1110 1327 haberet,

67 1369 99 1422 te
117 1378 289 1443 sequerer,
310 1356 473 1442 conjunx,
493 1368 525 1418 et
542 1377 596 1418 me
614 1378 749 1441 quoque
767 1369 890 1440 pontus
908 1358 1060 1422 haberet.

67 1464 100 1529 Ο
116 1465 246 1528 utinam
264 1463 391 1547 possim
409 1463 553 1546 populos
571 1483 732 1546 reparare
750 1465 900 1547 paternis

68 1571 208 1645 artibus,
228 1583 328 1655 atque
347 1569 480 1632 animas
498 1568 664 1632 formatae
681 1569 860 1634 infundere
877 1571 1007 1634 terrae!

68 1698 159 1741 nunc
176 1697 287 1763 genus
304 1676 338 1738 in
356 1675 453 1738 nobis
470 1688 573 1738 restat
591 1677 731 1739 mortale
749 1677 904 1740 duobus:
1069 1693 1120 1764 355

68 1783 117 1875 sic
133 1779 243 1848 visum
258 1782 390 1866 superis
403 1804 410 1853 ;
425 1782 682 1867 thominumque
701 1784 861 1867 exempla
879 1783 1084 1848 manemus.'

99 1876 269 1963 ''Dixerab
289 1900 321 1952 et
337 1887 484 1960 flebaut3
511 1889 640 1972 placuit
657 1890 803 1953 caeleste
821 1890 953 1973 precari

67 2019 208 2071 numen,
227 2010 260 2062 et
276 1996 440 2060 auxilium
461 2018 521 2079 per
538 2017 654 2061 sacras
672 2018 836 2082 quaerere
854 2011 973 2063 sortes.

67 2105 161 2169 nulla
180 2124 274 2168 mora
291 2115 361 2175 est3
388 2104 515 2167 adeunt
531 2103 656 2187 pariter
672 2102 878 2187 Cephisidas
895 2107 1018 2181 undas

67 2223 104 2275 ut
120 2212 271 2275 nondum
289 2209 449 2296 liquidas,
470 2210 519 2274 sic
532 2212 604 2296 jam
621 2211 710 2273 vada
728 2223 806 2274 nota
824 2224 992 2276 secantes.
1068 2243 1121 2298 370

68 2317 148 2382 inde
165 2317 222 2381 ubi
240 2317 361 2381 libatos
379 2317 572 2381 inroravere
590 2318 738 2404 liquores

68 2424 217 2488 vestibus
235 2434 266 2487 et
283 2423 398 2507 capiti,
416 2423 556 2487 flectunt
572 2423 717 2510 vestigia
734 2435 872 2489 sanctae

69 2532 113 2595 ad
130 2531 273 2595 delubra
290 2526 389 2601 deae,
408 2551 552 2614 quorum
569 2529 705 2616 fastigia
722 2531 812 2615 turpi

69 2636 244 2723 pallebant
261 2657 391 2713 musc0,
408 2635 611 2725 stabantque
628 2637 700 2700 sine
718 2637 856 2724 ignibus
874 2661 967 2704 arae.

68 2756 104 2808 ut
119 2743 236 2826 templi
253 2742 394 2829 tetigere
407 2743 549 2829 gradus,
569 2744 761 2827 procumbit
777 2756 918 2832 uterque
1069 2777 1119 2835 375
1190 2815 1193 2821 ,

69 2871 197 2935 pronus
214 2849 321 2923 humi,
341 2849 524 2936 gelidoque
541 2871 671 2936 pavens
689 2851 782 2916 dedit
797 2854 915 2916 oscula
931 2875 1027 2918 saxo.

70 2967 170 3043 atque
188 2957 253 3018 ita:
281 2955 341 3019 ‘Si
358 2957 517 3040 precibus
531 2957 538 2984 '
554 2957 714 3022 dixerunt
731 2970 740 2998 ⁴
757 2959 897 3022 numina
911 2959 1010 3046 justis

69 3063 158 3128 victa
175 3063 429 3138 remollescunt‚
448 3063 476 3126 si
494 3063 639 3127 flectitur
654 3065 704 3128 ira
723 3065 878 3140 deorum,

70 3169 138 3244 dic,
156 3169 296 3242 Themi,
316 3190 384 3255 qua
401 3170 539 3256 generis
556 3171 720 3234 damnum
740 3172 932 3255 reparabile
951 3173 1053 3238 nostri

71 3286 140 3340 arte
158 3276 212 3350 sit,
230 3275 400 3340 etmersis
416 3276 466 3339 ser
483 3298 597 3360 opem,
617 3277 806 3353 mitissima,
826 3279 951 3342 rebus.’
1070 3299 1123 3365 380

115 3381 211 3445 Mota
230 3383 293 3446 dea
311 3394 374 3454 est,
393 3394 586 3468 sortemque
599 3384 712 3447 dedit:
740 3383 938 3450 ‘Discedite
956 3388 1096 3471 templu,
1202 3424 1212 3473 J:

72 3500 104 3552 et
118 3489 230 3552 velate
247 3498 362 3573 caput,
382 3488 578 3574 cinctasque
596 3490 753 3554 resolvite
771 3501 897 3566 vestes

71 3616 216 3682 ossaque
234 3606 309 3680 post
325 3605 459 3681 tergum
478 3616 626 3682 magnae
640 3595 766 3683 jactate
784 3599 959 3683 parentis!

71 3704 275 3786 obstupuere
293 3703 363 3776 diu,
384 3702 575 3787 rumpitque
593 3703 728 3767 silentia
746 3726 830 3769 voce

71 3810 203 3887 Pyrrha
216 3809 326 3892 prior,
337 3809 514 3896 jussisque
533 3811 618 3873 deae
636 3830 757 3894 parere
773 3825 922 3886 recusat,
1075 3836 1122 3901 385
