2444 4134
119 153 184 203 110
437 136 508 202 The
531 137 639 223 Story
662 139 710 223 of
721 137 854 202 Midas.
1026 153 1145 225 [Mum
1199 98 1203 185 i

116 333 240 422 pollice
258 332 431 406 sollicitat,
450 330 594 420 quorum
613 335 794 399 dulcedine
812 346 934 418 captus
1110 360 1145 414 170

117 442 213 507 Pana
226 441 323 530 jubet
341 440 487 505 Tmolus
505 442 657 506 citharae
674 441 884 507 summittere
903 462 1047 505 cannas.

157 549 331 636 Judicium
349 547 526 632 sanctique
543 549 656 633 placet
672 549 839 613 sententia
855 547 981 612 montis

115 656 285 721 omnibus.
335 653 503 741 Arguitur
519 666 648 730 tamen,
667 667 767 741 atque
784 654 909 743 injusta
927 665 1069 718 vocatur

116 763 217 828 unius
234 783 390 828 sermone
408 760 538 824 Midae.
587 759 664 825 Nec
682 761 802 825 Delius
819 782 919 825 aures

117 871 302 934 humanam
320 869 459 934 stolidas
478 867 602 952 patitur
619 868 764 932 retinere
782 869 951 955 figuram3
1115 893 1157 953 ¹75

116 978 176 1042 sed
192 977 293 1041 trahit
311 977 343 1040 in
362 976 522 1062 spatium,
541 975 700 1060 villisque
717 976 910 1040 albentibus
927 974 1062 1060 implet,

116 1083 358 1170 instabilesque
374 1084 460 1148 imas
478 1083 570 1157 facit,
589 1095 622 1146 et
638 1083 696 1146 dat
713 1104 812 1166 posse
831 1083 973 1147 moveri.

116 1202 229 1256 cetera
245 1203 323 1256 sunt
339 1191 507 1255 hominis:
533 1201 664 1275 partem
682 1190 864 1253 damnatur
880 1189 915 1252 in
932 1209 1054 1265 unam,

115 1296 332 1383 induiturque
351 1319 450 1361 aures
467 1298 555 1361 lente
573 1296 760 1383 gradientis
778 1295 886 1360 aselli.

161 1404 223 1469 Ille
239 1405 378 1491 quidem
396 1405 497 1479 celat,
515 1404 671 1490 turpique
689 1415 829 1467 onerata
847 1402 978 1487 pudore
1116 1416 1165 1474 '130

114 1522 268 1597 tempora
287 1511 466 1596 purpureis
483 1522 624 1596 temptat
641 1513 754 1575 velare
772 1510 886 1582 tiaris3
998 1536 1000 1541 ·

115 1619 175 1683 sed
192 1619 310 1683 solitus
328 1619 450 1706 longos
467 1618 555 1682 serro
573 1640 727 1683 resecare
745 1619 889 1702 capillos

114 1726 245 1790 viderat
263 1727 327 1790 hoc
345 1726 504 1789 famulus.
555 1724 639 1810 Qui,
659 1746 736 1789 cum
754 1747 819 1790 nec
835 1725 982 1812 prodere
998 1729 1114 1791 visum

114 1832 263 1898 dedecus
281 1834 433 1907 auderet,
453 1832 595 1917 cupiens
612 1832 733 1896 efferre
750 1834 814 1898 sub
832 1853 947 1908 auras,

114 1961 178 2004 nec
195 1951 309 2025 posset
325 1940 466 2004 reticere
483 1953 611 2014 tamen,
631 1940 771 2015 secedit,
791 1941 1003 2026 humumque
1120 1959 1166 2027 185

113 2046 242 2121 effodit,
261 2058 305 2121 et,
325 2047 453 2111 domini
471 2048 590 2134 quales
607 2048 779 2131 aspexerit
794 2068 909 2121 aures,

112 2175 197 2218 voce
214 2155 315 2218 refert
331 2173 450 2238 parva,
469 2165 647 2238 terraeque
664 2153 891 2219 inmurmurat
907 2154 1074 2231 haustae;

113 2260 344 2347 indiciumque
361 2280 444 2324 suae
461 2260 555 2324 vocis
572 2260 692 2323 tellure
711 2271 847 2347 regesta

112 2368 234 2442 obruit,
254 2378 286 2432 et
302 2367 478 2431 scrobibus
495 2367 615 2431 tacitus
633 2366 775 2431 discedit
790 2368 928 2452 opertis.

111 2475 231 2539 creber
247 2473 470 2538 arundinibus
487 2474 640 2538 tremulis
657 2473 702 2539 ibi
719 2495 860 2561 surgere
880 2477 979 2542 lucus
1118 2512 1168 2569 ¹90

111 2581 233 2665 coepit,
253 2591 297 2654 et,
316 2591 352 2643 ut
369 2581 516 2664 primum
534 2581 635 2664 pleno
654 2582 814 2646 maturuit
831 2603 936 2657 anno,

111 2687 258 2774 prodidit
275 2687 476 2774 agricolam.
527 2686 615 2751 Leni
632 2708 714 2751 nam
731 2700 841 2754 motus
859 2691 902 2755 ab
920 2701 1036 2757 austro

109 2796 228 2860 obruta
246 2794 350 2858 verba
367 2793 480 2870 refert,
501 2793 697 2881 dominique
715 2796 871 2884 coarguit
888 2818 1001 2862 aures.
