2444 4148
108 151 154 219 94
400 128 472 195 Tae
494 129 613 196 Death
636 106 882 215 osHercules.
1020 149 1156 221 [Marau

108 348 264 413 pascere,
282 338 315 392 et
331 328 421 392 hanc
438 338 567 412 pestem
585 338 714 413 specta,
734 329 894 405 crudelis,
915 329 958 394 ab
976 330 1059 408 alto,

108 456 233 521 corque
251 435 359 498 ferum
377 435 474 498 satia.
523 434 589 499 Vel
608 435 635 498 si
654 436 869 527 miserandus
887 446 921 500 et
938 437 1028 502 hosti

108 544 174 606 hoc
190 555 285 606 aestu
302 541 361 605 tibi
379 564 468 616 sum,
488 542 569 606 diris
587 543 791 606 cruciatibus
811 565 953 631 aegram

107 650 320 734 invisamque
337 649 488 711 animam
506 662 689 734 natamque
706 650 879 716 laboribus
898 654 1008 719 aufer.
1114 674 1155 726 130

107 780 198 827 mors
213 757 293 820 mihi
309 779 433 820 munus
447 757 528 820 erit:
547 757 645 821 decet
658 760 745 822 haec
763 760 846 825 dare
862 762 952 826 dona
965 782 1157 826 novercam.

107 886 191 951 ergo
209 886 274 951 ego
292 864 486 927 foedantem
504 864 687 951 peregrino
707 869 835 952 templa
854 889 975 933 cruore

107 970 244 1036 Busirin
262 969 400 1036 domui?
424 992 595 1057 saevoque
614 972 776 1038 alimenta
794 975 945 1059 parentis

106 1078 243 1142 Antaeo
259 1076 389 1162 eripui?
416 1098 479 1141 nec
497 1099 551 1141 me
569 1080 713 1162 pastoris
734 1080 854 1146 Hiberi

107 1186 216 1250 forma
232 1185 369 1269 triplex,
388 1205 453 1248 nec
469 1184 580 1249 sorma
598 1186 721 1272 triplex
738 1200 809 1263 tua,
828 1188 993 1264 Cerbere‚
1014 1188 1138 1255 movit?

106 1314 225 1367 vosne,
245 1313 381 1363 manus,
399 1293 503 1356 validi
522 1295 691 1379 pressistis
708 1316 836 1359 cornua
854 1295 964 1360 tauri?
980 1291 1005 1309 ‘

106 1411 255 1464 vestrum
269 1421 356 1484 opus
374 1398 446 1464 Elis
462 1402 577 1476 hahet,
593 1412 741 1465 vestrum
756 1401 1018 1488 Stymphalides
1032 1404 1155 1479 undae,

53 1544 56 1549 ·
107 1505 398 1591 Partheniumque
418 1507 561 1572 nemus?
585 1521 695 1572 vestra
713 1508 835 1573 virtute
851 1509 980 1574 relatus

106 1613 421 1678 Thermodontiaco
438 1616 590 1680 caelatus
606 1616 740 1680 balteus
756 1636 853 1689 auro,

107 1743 278 1809 pomaque
296 1723 339 1788 ab
357 1722 502 1787 insomni
521 1723 754 1787 concustodita
771 1721 942 1787 dracone?
1113 1755 1158 1810 190

107 1851 172 1895 nec
190 1830 271 1893 mihi
289 1829 452 1897 Centauri
471 1842 611 1914 potuere
627 1829 795 1904 resistere,
816 1850 880 1894 nec
897 1829 945 1894 mi

106 1938 281 2004 Arcadiae
297 1952 447 2016 vastator
465 1936 568 2022 aper?
592 1958 657 2001 nec
672 1936 797 2022 profuit
813 1938 947 2024 hydrae

107 2067 262 2112 crescere
279 2069 340 2132 per
357 2048 534 2119 damnum,
553 2044 778 2131 geminasque
795 2065 969 2109 resumere
985 2043 1100 2110 vires?

107 2155 202 2242 quid,
224 2176 302 2220 cum
319 2153 467 2218 Thracis
485 2174 590 2238 equos
608 2152 759 2215 humano
777 2150 947 2237 sanguine
964 2151 1114 2239 pingues

107 2264 278 2349 plenaque
295 2262 494 2347 corporibus
512 2259 633 2323 laceris
650 2257 831 2342 praesepia
847 2257 930 2332 vidi,
961 2277 966 2285 ·
1112 2287 1156 2345 ¹9⁵

107 2370 249 2455 visaque
266 2370 388 2456 dejeci,
408 2368 652 2451 dominumque
669 2365 829 2450 ipsosque
848 2362 1002 2448 peremi?

108 2476 161 2539 his
178 2477 261 2540 elisa
271 2462 366 2562 ¹jacet
383 2477 490 2540 moles
508 2473 684 2537 Nemeaea
702 2471 860 2544 lacertis;

108 2583 174 2646 hac
191 2583 323 2646 caelum
342 2585 475 2647 cervice
491 2581 566 2646 tuli.
616 2578 762 2644 Defessa
774 2577 927 2666 jubendo
945 2588 997 2642 est

108 2711 211 2753 saeva
224 2688 319 2774 Jovis
336 2689 506 2776 conjunx:
532 2711 599 2776 ego
616 2707 689 2751 sum
706 2685 899 2749 indefessus
916 2685 1067 2772 agendo·

108 2798 169 2861 sed
186 2816 275 2862 nova
291 2797 394 2881 pestis
413 2797 520 2870 adest,
540 2796 594 2861 cui
613 2815 676 2859 nec
692 2793 814 2856 virtute
830 2791 956 2867 resisti,
1110 2824 1159 2862 200

107 2924 172 2967 nec
188 2903 263 2967 telis
280 2903 451 2989 armisque
469 2915 589 2986 potest.
641 2900 866 2965 Pulmonibus
885 2908 975 2963 errat

107 3009 198 3096 ignis
215 3011 304 3074 edax
321 3009 410 3084 imis,
429 3031 557 3095 perque
574 3031 695 3074 omnes
712 3006 862 3093 pascitur
878 3017 983 3071 artus.

108 3128 143 3180 at
157 3116 248 3179 valet
264 3114 498 3202 Eurystheus!
525 3115 568 3178 Et
585 3127 674 3189 sunt,
694 3114 752 3201 qui
771 3114 909 3178 credere
926 3113 1060 3197 possint

108 3242 183 3286 esse
199 3220 322 3286 deosi’
368 3221 476 3295 Dixit,
496 3244 624 3307 perque
641 3222 747 3285 altum
766 3219 903 3286 saucius
920 3218 1033 3284 Oeten

109 3329 199 3393 haud
218 3329 315 3393 aliter
331 3329 496 3415 graditur,
515 3350 617 3413 quam
636 3328 663 3392 si
681 3328 853 3393 venabula
871 3337 989 3391 taurus
1110 3355 1159 3412 205

108 3456 249 3520 corpore
265 3436 335 3498 fixa
352 3447 460 3521 gerat,
481 3434 628 3520 sacrique
646 3435 809 3522 refugerit
826 3446 953 3498 auctor.

108 3563 210 3626 saepe
227 3542 322 3604 illum
340 3541 487 3627 gemitus
504 3542 673 3615 edentem,
693 3563 796 3626 saepe
813 3542 1031 3617 frementem,

108 3669 212 3733 saepe
229 3661 487 3733 retemptantem
504 3658 590 3711 totas
607 3648 795 3734 refringere
811 3662 936 3725 vestes,

93 3766 379 3844 sternentemque
396 3755 526 3832 trabes,
544 3753 822 3840 irascentemque
833 3754 973 3819 uideres

71 3861 271 3941 montibus,
294 3878 358 3932 aut
373 3865 493 3957 patrio
511 3866 725 3933 tendentem
735 3858 912 3926 bracchia
926 3858 1041 3920 caelo.
1134 3887 1186 3921 m
