2444 4134
109 113 154 205 46
387 115 535 182 Perseus
558 118 632 182 ond
652 118 890 184 Andromeda.
1019 134 1164 208 [Mareu

109 327 255 399 occupat
271 335 444 390 aversum,
463 326 532 379 ueu'
547 336 652 380 saeva
666 326 859 403 retorqueat
874 336 948 390 ora,

109 422 336 508 squamigeris
353 423 471 486 avidos
487 422 561 509 figit
577 422 767 487 cervicibus
784 444 941 508 ungues:

108 529 158 592 sic
174 530 266 592 celer
280 529 434 593 immisso
451 550 618 614 praeceps
635 549 696 614 per
713 529 815 592 inane
832 530 948 593 volatu

108 648 205 721 terga
222 635 314 699 serae
332 635 466 719 pressit,
485 636 672 722 dextroque
692 636 865 699 frementis
881 635 915 698 in
933 657 1030 702 armo

107 741 290 806 Inachides
307 742 432 805 serrum
451 762 556 805 curvo
572 752 671 806 tenus
688 743 817 806 abdidit
834 742 949 807 hamo·
1109 777 1159 829 720

106 850 246 913 vulnere
264 850 357 912 laesa
374 848 484 934 gravi,
505 848 606 912 modo
623 869 659 913 se
676 848 831 913 sublimis
848 849 882 912 in
900 871 1001 915 auras

89 939 91 943 ¹
106 955 237 1029 attollit,
256 956 357 1019 modo
374 955 486 1018 subdit
503 954 613 1039 aquis,
633 956 734 1019 modo
752 977 845 1020 more
862 956 983 1021 ferocis

105 1072 218 1126 versat
234 1061 320 1145 apri,
338 1081 441 1146 quem
459 1062 557 1125 turba
575 1081 700 1124 canum
717 1062 931 1128 circumsona
948 1075 1062 1130 terret.

105 1169 162 1232 ille
180 1167 297 1232 avidos
315 1188 448 1231 morsus
464 1168 639 1231 velocibus
656 1167 777 1255 effugit
793 1171 877 1244 alis3

104 1295 240 1362 quaque
258 1285 385 1359 patent,
404 1295 496 1338 nunc
512 1287 610 1360 terga
627 1275 720 1340 cavis
737 1296 840 1361 super
855 1278 964 1343 obsita
982 1279 1138 1355 conchis,

105 1403 196 1446 nunc
213 1381 356 1444 laterum
374 1393 499 1453 costas,
519 1401 611 1445 nunc
627 1402 694 1467 qua
712 1384 910 1448 tenuissima
926 1387 1038 1450 cauda

103 1487 227 1552 desinit
242 1487 276 1550 in
294 1487 438 1572 piscem,
457 1486 581 1552 falcato
598 1489 754 1553 verberat
770 1512 864 1554 ense.

102 1596 205 1660 belua
222 1595 368 1678 puniceo
385 1594 508 1657 mixtos
525 1615 601 1658 cum
621 1596 790 1681 sanguine
806 1596 927 1664 fluctus

102 1723 162 1768 ore
178 1701 303 1765 vomit:
329 1700 490 1764 maduere
508 1721 633 1786 graves
650 1703 833 1790 aspergine
850 1726 996 1789 pennae.

148 1807 226 1872 Nec
241 1807 366 1872 bibulis
382 1808 470 1870 ultra
487 1806 633 1872 Perseus
651 1809 815 1875 talaribus
832 1832 935 1876 ausus
1103 1845 1155 1900 730

103 1914 257 1988 credere,
276 1914 454 1998 conspexit
469 1915 661 1998 scopulum,
679 1916 735 2001 qui
754 1917 878 1981 vertice
895 1940 1030 1984 summo

104 2022 270 2087 stantibus
286 2032 397 2084 exstat
414 2020 523 2107 aquis
542 2020 692 2105 operitur
709 2023 752 2086 ab
769 2044 917 2109 aequore
935 2036 1035 2090 moto.

103 2131 205 2194 nixus
222 2150 276 2201 eo,
295 2126 455 2213 rupisque
473 2140 593 2192 tenens
606 2127 690 2215 juga
708 2130 831 2214 prima,
850 2130 985 2196 sinistra

103 2247 153 2300 ter
170 2247 290 2322 quater
306 2234 421 2320 exegit
438 2235 579 2318 repetita
596 2256 657 2319 per
674 2236 731 2299 ilia
748 2236 887 2300 serrum.

104 2343 201 2407 litora
219 2363 296 2406 cum
315 2342 436 2425 plausu
454 2342 584 2404 clamor
601 2363 809 2429 superasque
827 2345 968 2408 deorum
1103 2378 1153 2434 735

104 2451 287 2534 implevere
304 2449 436 2512 domos.
486 2447 659 2522 Gaudent,
679 2470 913 2537 generumque
930 2453 1092 2528 salutant,

105 2559 339 2643 auxiliumque
357 2556 478 2619 domus
495 2568 770 2643 servatoremque
788 2558 935 2622 fatentur

104 2667 271 2751 Cassiope
287 2664 518 2748 Cepheusque
535 2673 643 2745 pater.
693 2663 860 2728 Resoluta
877 2667 1006 2732 catenis

103 2774 229 2838 incedit
246 2773 356 2860 virgo,
375 2769 589 2855 pretiumque
606 2780 639 2833 et
656 2790 760 2833 causa
778 2772 917 2837 laboris.

149 2880 226 2965 Ipse
245 2902 366 2944 manus
383 2879 505 2942 hausta
522 2876 678 2940 victrices
696 2877 801 2941 abluit
817 2880 930 2943 unda:
1101 2912 1154 2966 740

102 2986 388 3073 anguiferumque
405 2998 508 3071 caput
522 2985 608 3050 dura
626 3006 668 3048 ue
686 2984 798 3049 laedat
815 3006 932 3059 arena,

103 3094 210 3158 mollit
227 3095 369 3158 humum
387 3094 488 3166 foliis,
508 3104 673 3179 natasque
691 3092 754 3155 sub
772 3112 918 3177 aequore
936 3093 1052 3180 virgas

102 3201 233 3277 sternit,
251 3213 285 3266 et
300 3201 443 3286 imponit
459 3200 697 3286 Phorcynidos
715 3221 775 3264 ora
791 3198 973 3264 Medusae.

102 3309 201 3396 virga
217 3330 337 3373 recens
354 3308 538 3393 bibulaque
556 3308 741 3371 etiamnum
759 3307 837 3370 viva
855 3310 1005 3372 medulla

102 3417 170 3481 vim
188 3416 300 3502 rapuit
316 3414 469 3488 monstri,
488 3425 646 3500 tactuque
664 3416 814 3481 induruit
830 3417 944 3504 hujus

103 3523 320 3610 percepitque
339 3543 464 3586 novum
482 3521 586 3584 ramis
603 3532 636 3584 et
654 3521 772 3586 fronde
791 3525 953 3611 rigorem.

102 3643 137 3695 at
153 3628 268 3716 pelagi
285 3628 460 3714 nymphae
476 3627 603 3690 sactum
621 3627 776 3693 mirabile
792 3642 958 3716 temptant

103 3737 255 3823 pluribus
272 3735 306 3799 in
324 3734 442 3819 virgis,
462 3744 495 3797 et
510 3733 600 3797 idem
619 3734 817 3822 contingere
835 3739 1000 3823 gaudent,

84 3844 295 3928 seminaque
311 3864 358 3906 ex
372 3840 441 3907 illis
458 3842 583 3906 iterant
595 3838 728 3930 jactata
744 3864 806 3929 per
822 3845 950 3909 undas.
