2444 4134
117 133 159 218 58
416 133 486 199 Tae
518 135 601 200 Tale
624 138 671 220 af
684 134 875 200 Arethusa.
1026 149 1165 222 [Mareu

115 330 202 395 sicut
218 353 326 406 eram,
346 331 441 417 fugio
458 331 530 396 sine
547 322 718 396 vestibus:
744 333 849 395 altera
867 342 978 395 vestes

116 438 189 520 ripa
208 458 301 500 meas
320 438 457 501 habuit:
483 449 575 502 tanto
594 438 705 524 magis
723 439 836 510 instat,
856 450 888 500 et
905 439 1012 503 ardet.

115 544 164 607 sic
182 565 247 629 ego
264 545 456 617 currebam,
476 544 525 608 sic
544 565 597 608 me
615 544 706 608 serus
723 544 779 607 ille
797 547 986 627 premebat,

114 663 150 713 ut
167 649 286 735 sugere
304 650 500 733 accipitrem
520 671 633 734 penna
650 650 841 746 trepidante
861 653 1056 729 columbae,
1115 673 1165 742 ⁶05

114 769 149 819 ut
166 758 250 819 solet
268 757 428 840 accipiter
445 757 595 840 trepidas
612 777 760 841 urguere
778 759 967 824 columbas.

114 885 221 948 usque
238 864 301 926 sub
320 862 576 937 Orchomenon,
598 862 856 950 Psophidaque,
876 865 1131 955 Cyllenenque,

113 968 374 1055 Maenaliosque
392 971 499 1042 sinus,
520 970 741 1055 gelidumque
759 971 1010 1058 Erymanthon,
1030 988 1064 1038 et
1086 977 1163 1039 Elin

113 1096 249 1140 currere
267 1076 430 1150 sustinui;
456 1096 521 1139 nec
539 1096 593 1138 me
611 1077 761 1141 velocior
778 1080 846 1144 ille.

160 1182 254 1247 ‘Sed
272 1185 416 1248 tolerare
433 1185 491 1248 diu
509 1204 629 1249 cursus
647 1207 726 1272 ego,
746 1186 873 1251 viribus
889 1188 1013 1271 impar,
1113 1207 1165 1260 610

111 1313 179 1355 non
197 1303 372 1376 poteram:
398 1292 492 1377 longi
511 1293 644 1376 patiens
661 1306 733 1357 erat
749 1293 806 1358 ille
824 1295 958 1359 laboris.

112 1418 172 1482 per
188 1410 303 1461 tamen
320 1410 353 1462 et
369 1419 523 1482 campos,
543 1421 604 1484 per
619 1413 755 1484 opertos
773 1402 893 1466 arbore
910 1408 1057 1478 monteS,

111 1527 196 1568 saxa
214 1527 349 1591 quoque
367 1518 400 1569 et
416 1528 518 1591 rupes
536 1520 569 1570 et
585 1529 652 1592 qua
669 1508 724 1570 via
742 1508 850 1580 nulla,
868 1510 1015 1571 cucurri.

110 1613 160 1676 sol
179 1625 250 1676 erat
267 1634 287 1676 a
304 1628 422 1699 tergo:
447 1614 516 1677 vidi
535 1615 741 1699 praecedere
759 1615 897 1701 longam

110 1735 189 1784 ante
207 1722 312 1804 pedes
330 1722 617 1785 umbram-nisi
636 1721 664 1786 si
681 1722 781 1784 timor
798 1722 855 1785 illa
871 1722 1065 1785 videbat-
1110 1741 1161 1810 ⁶15

110 1829 170 1891 sed
190 1838 280 1890 certe
298 1828 496 1913 sonitusque
514 1830 640 1912 pedum
658 1830 817 1902 terrebat,
836 1839 869 1892 et
884 1828 1007 1915 ingens

110 1936 255 2000 crinales
274 1937 371 1999 vittas
390 1935 540 1999 adflabat
557 1936 726 1999 anhelitus
742 1936 822 1999 oris.

108 2044 198 2107 sessa
217 2043 333 2107 labore
352 2043 469 2129 fugae,
488 2041 564 2105 Fer
579 2049 689 2128 opera,
708 2043 970 2128 depraedantur,
990 2043 1146 2128 inquam,

108 2154 319 2237 armigerae,
339 2151 532 2236 Dictynna,
552 2158 644 2222 luae,
664 2152 722 2213 cai
735 2156 837 2234 saepe
852 2149 981 2212 dedisti

96 2260 205 2340 farre
220 2269 295 2323 tuas
311 2280 414 2322 arcas
431 2259 631 2342 inclusaque
647 2257 715 2320 tela
726 2257 913 2342 pharetra.
1110 2276 1161 2328 620

154 2367 273 2431 ‘Mota
290 2366 355 2430 dea
372 2378 434 2440 est,
454 2365 639 2450 spissisque
656 2364 770 2427 serens
786 2385 805 2427 e
822 2364 968 2428 nubibus
985 2385 1091 2428 unam

107 2495 161 2537 me
179 2495 281 2556 super
298 2473 423 2560 injecit.
474 2471 614 2535 Lustrat
630 2471 780 2557 caligine
797 2482 920 2533 tectam

107 2581 229 2654 amnis,
249 2592 281 2643 et
298 2580 440 2666 ignarus
457 2580 585 2642 circum
604 2599 690 2642 cava
707 2579 825 2641 nubila
841 2577 992 2662 quaerit;

106 2687 225 2772 bisque
243 2687 370 2759 locum,
390 2708 457 2771 quo
476 2707 530 2748 me
547 2687 612 2749 dea
629 2696 772 2758 texerat,
792 2684 919 2747 inscius
936 2684 1054 2758 ambit,

105 2807 137 2858 et
153 2795 206 2858 bis
222 2793 264 2859 Ia
280 2793 482 2858 Arethusa!
504 2792 546 2858 Ia
563 2791 764 2858 Arethusa!
787 2791 933 2854 vocavit.
1106 2809 1157 2877 623

104 2902 186 2988 quid
205 2902 284 2964 mihi
310 2914 391 2966 tunc
417 2900 520 2964 animi
547 2901 692 2964 miserae
717 2897 799 2962 luit?
825 2919 913 2962 anne
930 2898 1021 2984 quod
1043 2920 1157 2986 agnae

239 3021 300 3083 est,

104 3118 200 3203 siqua
218 3118 316 3202 lupos
334 3116 427 3181 audit
444 3114 571 3180 circum
589 3115 723 3179 stabula
740 3113 807 3177 alta
825 3110 1029 3176 frementes?

104 3240 162 3290 aut
178 3225 298 3310 lepori,
311 3224 374 3310 'qui
392 3244 496 3307 vepre
513 3224 623 3286 latens
640 3221 775 3285 hostilia
792 3220 900 3283 cernit

102 3354 163 3399 ora
181 3354 319 3404 canum,
340 3331 519 3415 nullosque
537 3331 639 3392 audet
655 3329 737 3392 dare
754 3349 897 3410 corpore
914 3324 1048 3390 motus?

149 3437 252 3502 ‘Non
271 3450 383 3501 tamen
403 3437 574 3509 abscedit3
602 3457 711 3521 neque
730 3435 820 3498 enirn
837 3435 982 3519 vestigia
1001 3434 1109 3498 cernit

102 3546 239 3632 longius
257 3544 326 3608 ulla
344 3545 490 3628 pedum:
517 3554 629 3606 servat
645 3543 839 3628 nubemque
856 3543 1050 3628 locumque.

83 3664 238 3732 occupat
251 3652 414 3716 obsessos
429 3651 539 3717 sudor
556 3649 641 3715 mihi
657 3649 807 3738 frigidus
824 3661 932 3722 artus,

54 3753 323 3840 caeruleaeque
341 3761 481 3830 cadunt
496 3774 571 3830 toto
590 3761 639 3828 de
656 3781 813 3846 corpore
831 3767 965 3845 guttae.

40 3861 178 3932 'mque'
189 3863 334 3941 pedem
355 3873 473 3952 movi,
498 3885 637 3941 manat
654 3874 780 3945 laem,
802 3883 900 3952 eque
917 3855 1062 3940 capillis
