2444 4134
67 131 131 219 176
435 132 584 200 Skorter
606 131 742 198 Pocms.
962 151 1109 222 [τηεψ

64 330 181 408 Nunc,
200 331 228 397 si
246 332 331 397 sorte
347 342 443 417 potes
463 330 541 416 (sed
559 321 628 396 non
646 341 754 415 potes,
772 330 901 415 optima
918 333 1109 421 conjunx),

108 439 229 503 Finitis
246 439 360 525 gaude
377 450 424 502 tot
440 437 522 500 mihi
540 449 647 502 morte
664 437 776 500 malis.

64 544 169 628 Quod
187 557 295 630 potes,
315 556 463 608 extenua
481 544 555 608 lorti
574 543 666 606 mala
682 543 785 607 corde
802 543 958 620 ferendo,

106 651 164 715 Ad
181 673 269 737 quae
283 651 488 738 jampridem
507 671 573 714 non
592 650 676 713 rude
694 663 812 733 pectus
828 650 949 716 habes.

61 755 176 844 Atque
193 758 321 822 utinam
341 768 482 842 pereant
498 756 634 819 animae
651 776 729 819 cum
747 775 888 839 corpore
905 768 1058 834 nostrae,

107 863 328 951 Effugiatque
347 863 465 928 avidos
483 883 562 948 pars
578 861 661 925 mihi
679 862 773 925 nulla
790 861 915 949 rogos!
1081 883 1115 936 60

61 969 154 1034 Nam
173 971 200 1034 si
218 982 324 1034 morte
343 990 465 1033 carens
481 989 592 1033 vacua
609 968 701 1032 volat
716 968 803 1033 altus
820 969 855 1032 in
872 989 958 1034 aura

107 1077 265 1162 Spiritus,
284 1088 317 1141 et
333 1075 442 1141 Samii
460 1087 538 1140 sunt
553 1087 626 1140 rata
645 1075 734 1139 dicta
751 1075 856 1150 senis,

61 1183 154 1248 lnter
170 1183 380 1248 Sarmaticas
397 1182 558 1247 Romana
574 1181 757 1269 vagabitur
773 1183 927 1260 umbras,

105 1289 240 1376 Perque
258 1293 346 1354 seros
365 1311 483 1354 manes
501 1287 635 1373 hospita
650 1309 788 1374 semper
804 1292 879 1353 erit.

61 1397 151 1462 Ossa
168 1407 282 1461 tamen
300 1396 401 1460 facito
418 1416 525 1481 parva
544 1395 734 1459 reserantur
749 1394 783 1458 in
801 1417 909 1460 urnas
1079 1417 1112 1487 65

105 1503 166 1569 Sic
182 1525 250 1591 ego
267 1526 335 1568 non
353 1503 453 1567 etiam
472 1513 624 1567 mortuus
641 1503 738 1566 exsul
757 1523 826 1568 ero.

59 1609 95 1674 N
97 1633 141 1676 on
155 1621 246 1674 vetat
262 1611 327 1674 hoc
340 1608 520 1696 quisquam
535 1631 543 1670 τ
561 1608 699 1673 fratrem
713 1609 883 1676 Thebana
896 1627 1110 1702 peremptum

105 1716 293 1802 Subposuit
309 1717 439 1780 tumulo
457 1737 539 1802 rege
557 1727 690 1780 vetante
708 1738 816 1782 soror.

59 1823 173 1910 Atque
190 1844 230 1888 ea
248 1843 326 1887 cum
345 1822 432 1886 soliis
450 1834 483 1886 et
499 1823 625 1887 amomi
642 1823 784 1908 pulvere
801 1824 920 1902 misce,

104 1930 213 2016 Inque
231 1930 427 1995 suburbano
444 1930 580 1994 condita
599 1951 688 2015 pone
706 1932 791 1996 solo.
1080 1969 1112 2021 70

60 2035 226 2123 Quosque
243 2038 336 2124 legat
352 2059 471 2101 versus
488 2038 588 2101 oculo
606 2050 810 2123 properante
826 2039 948 2118 viator,

102 2143 299 2208 Grandibus
318 2144 351 2207 in
368 2144 453 2207 tituli
473 2166 642 2209 marmore
660 2145 766 2210 caede
784 2147 892 2212 notis:

58 2269 118 2315 rue
141 2271 214 2315 Eoo
239 2271 302 2333 Qu
320 2270 435 2333 Jncuo
459 2269 695 2317 TENEnonuM
719 2272 838 2318 Luson
861 2273 1023 2323 Aaronom

102 2378 255 2424 mosum
279 2378 380 2422 Psnn
404 2358 508 2423 Naso
533 2377 657 2423 Poura
680 2379 780 2424 Miro:

56 2486 106 2531 nr
130 2487 205 2532 run
229 2487 462 2552 QJ1TRANS1S
486 2488 536 2532 NE
561 2488 618 2533 sir
643 2487 769 2533 Ganvn
791 2489 957 2554 erscmm
973 2491 1111 2539 Amnsrr

101 2595 238 2640 mesas
263 2575 425 2640 anorns
451 2597 645 2640 monumen
670 2596 756 2642 ossa
780 2597 939 2644 cussus.

58 2679 136 2745 Hoc
153 2683 233 2746 satis
251 2683 285 2746 in
302 2683 397 2747 titulo
415 2696 486 2758 est3
512 2685 636 2748 etenim
656 2685 785 2772 majora
804 2687 910 2750 libelli

102 2788 144 2853 Et
161 2789 318 2853 diuturna
338 2791 448 2877 magis
465 2802 543 2854 sunt
561 2792 769 2856 monimenta
787 2793 883 2868 mihi,

58 2892 155 2978 Quos
172 2917 238 2980 ego
256 2897 402 2970 confido,
421 2898 577 2982 quamvis
596 2920 756 2976 nocuere,
775 2901 915 2966 daturos

101 3000 239 3067 Nomen
257 3013 289 3067 et
306 3004 433 3067 auctori
451 3015 604 3089 tempora
622 3006 727 3093 longa
745 3029 818 3072 suo.

56 3107 112 3173 Tu
129 3121 242 3173 tamen
261 3110 427 3175 exstincto
444 3110 563 3175 feralia
582 3134 724 3177 munera
742 3136 879 3201 semper

102 3215 223 3302 Deque
240 3217 305 3281 tuis
323 3217 472 3281 lacrimis
491 3219 632 3283 humida
649 3232 738 3284 serta
756 3221 856 3287 dato:
875 3287 877 3291 .

57 3319 228 3406 Quamvis
244 3323 276 3386 in
296 3324 427 3388 cineres
445 3345 569 3408 corpus
587 3327 768 3392 mutaverit
783 3328 889 3416 ignis,

101 3428 233 3493 Sentiet
249 3429 399 3493 officium
417 3442 546 3495 maesta
566 3432 681 3496 favilla
700 3434 804 3518 pium.

56 3534 215 3599 Scribere
233 3537 330 3620 plura
348 3537 440 3625 libet,
460 3538 520 3600 sed
537 3560 605 3602 vox
623 3540 705 3604 mihi
722 3541 813 3606 fessa
829 3542 1001 3629 loquendo
1075 3566 1107 3631 85

101 3641 262 3707 Dictandi
279 3643 369 3707 vires
385 3643 544 3729 siccaque
562 3645 680 3732 lingua
698 3659 813 3734 negat.

51 3746 187 3832 Accipe
203 3771 364 3834 supremo
382 3750 509 3814 dictum
527 3750 609 3814 mihi
627 3752 766 3817 forsitan
785 3777 856 3830 ore,

83 3851 204 3938 Quod,
226 3858 290 3924 tibi
305 3859 367 3949 qui
385 3858 502 3937 mittit,
521 3880 593 3927 non
607 3859 717 3925 habet
728 3859 821 3946 ipse,
834 3861 960 3924 annul
